00100000         2095490960002050029076420014       0257630000003330133 COLEGIO MILITAR DE CAMPO GRANDBANCO DO BRASIL                         22308201701264700029803000000211539996PROCESSAMEN                                                 
00100011T0100020 20095490960002050029076420014       0257630000003330133 COLEGIO MILITAR DE CAMPO GRAND                                                                                000000002308201700000000  000000000                      
0010001300001T 060257630000003330133 29076420000010126   1               00000000000000000009500001078107                         0900000000000010000000000000000000000000000000000000000   000000000000000000000000000        180432907642     
0010001300002U 060000000000000000000000000000000000000000000000000000000000000000000000095000000000000095000000000000000000000000000000002308201724082017            000000000000000                              000                           
0010001300003T 060257630000003330133 29076420000010303   1               00000000000000000009500104015680                         0900000000000010000000000000000000000000000000000000000   000000000000000000000000000        180432907642     
0010001300004U 060000000000000000000000000000000000000000000000000000000000000000000000095000000000000095000000000000000000000000000000002308201724082017            000000000000000                              000                           
0010001300005T 060257630000003330133 29076420000010322   1               00000000000000000009500001078107                         0900000000000010000000000000000000000000000000000000000   000000000000000000000000000        180432907642     
0010001300006U 060000000000000000000000000000000000000000000000000000000000000000000000095000000000000095000000000000000000000000000000002308201724082017            000000000000000                              000                           
0010001300007T 060257630000003330133 29076420000010335   1               00000000000000000009500104022240                         0900000000000010000000000000000000000000000000000000000   000000000000000000000000000        180432907642     
0010001300008U 060000000000000000000000000000000000000000000000000000000000000000000000095000000000000095000000000000000000000000000000002308201724082017            000000000000000                              000                           
0010001300009T 060257630000003330133 29076420000010340   1               00000000000000000009500104047410                         0900000000000010000000000000000000000000000000000000000   000000000000000000000000000        180432907642     
0010001300010U 060000000000000000000000000000000000000000000000000000000000000000000000095000000000000095000000000000000000000000000000002308201724082017            000000000000000                              000                           
0010001300011T 060257630000003330133 29076420000010341   1               00000000000000000009500237023710                         0900000000000010000000000000000000000000000000000000000   000000000000000000000000000        180432907642     
0010001300012U 060000000000000000000000000000000000000000000000000000000000000000000000095000000000000095000000000000000000000000000000002308201724082017            000000000000000                              000                           
0010001300013T 060257630000003330133 29076420000010343   1               00000000000000000009500033016600                         0900000000000010000000000000000000000000000000000000000   000000000000000000000000000        180432907642     
0010001300014U 060000000000000000000000000000000000000000000000000000000000000000000000095000000000000095000000000000000000000000000000002308201724082017            000000000000000                              000                           
0010001300015T 060257630000003330133 29076420000010344   1               00000000000000000009500104002580                         0900000000000010000000000000000000000000000000000000000   000000000000000000000000000        180432907642     
0010001300016U 060000000000000000000000000000000000000000000000000000000000000000000000095000000000000095000000000000000000000000000000002308201724082017            000000000000000                              000                           
0010001300017T 060257630000003330133 29076420000010359   1               00000000000000000009500033046650                         0900000000000010000000000000000000000000000000000000000   000000000000000000000000000        180432907642     
0010001300018U 060000000000000000000000000000000000000000000000000000000000000000000000095000000000000095000000000000000000000000000000002308201724082017            000000000000000                              000                           
0010001300019T 060257630000003330133 29076420000010362   1               00000000000000000009500104022280                         0900000000000010000000000000000000000000000000000000000   000000000000000000000000000        180432907642     
0010001300020U 060000000000000000000000000000000000000000000000000000000000000000000000095000000000000095000000000000000000000000000000002308201724082017            000000000000000                              000                           
0010001300021T 060257630000003330133 29076420000010364   1               00000000000000000009500001018732                         0900000000000010000000000000000000000000000000000000000   000000000000000000000000000        180432907642     
0010001300022U 060000000000000000000000000000000000000000000000000000000000000000000000095000000000000095000000000000000000000000000000002308201724082017            000000000000000                              000                           
0010001300023T 060257630000003330133 29076420000010365   1               00000000000000000009500104014640                         0900000000000010000000000000000000000000000000000000000   000000000000000000000000000        180432907642     
0010001300024U 060000000000000000000000000000000000000000000000000000000000000000000000095000000000000095000000000000000000000000000000002308201724082017            000000000000000                              000                           
0010001300025T 060257630000003330133 29076420000010366   1               00000000000000000009500341078490                         0900000000000010000000000000000000000000000000000000000   000000000000000000000000000        180432907642     
0010001300026U 060000000000000000000000000000000000000000000000000000000000000000000000095000000000000095000000000000000000000000000000002308201724082017            000000000000000                              000                           
0010001300027T 060257630000003330133 29076420000010367   1               00000000000000000009500237006570                         0900000000000010000000000000000000000000000000000000000   000000000000000000000000000        180432907642     
0010001300028U 060000000000000000000000000000000000000000000000000000000000000000000000095000000000000095000000000000000000000000000000002308201724082017            000000000000000                              000                           
0010001300029T 060257630000003330133 29076420000010368   1               00000000000000000009500104000170                         0900000000000010000000000000000000000000000000000000000   000000000000000000000000000        180432907642     
0010001300030U 060000000000000000000000000000000000000000000000000000000000000000000000095000000000000095000000000000000000000000000000002308201724082017            000000000000000                              000                           
0010001300031T 060257630000003330133 29076420000010369   1               00000000000000000009500001078107                         0900000000000010000000000000000000000000000000000000000   000000000000000000000000000        180432907642     
0010001300032U 060000000000000000000000000000000000000000000000000000000000000000000000095000000000000095000000000000000000000000000000002308201724082017            000000000000000                              000                           
0010001300033T 060257630000003330133 29076420000010370   1               00000000000000000009500001029165                         0900000000000010000000000000000000000000000000000000000   000000000000000000000000000        180432907642     
0010001300034U 060000000000000000000000000000000000000000000000000000000000000000000000095000000000000095000000000000000000000000000000002308201724082017            000000000000000                              000                           
0010001300035T 060257630000003330133 29076420000010371   1               00000000000000000009500001078107                         0900000000000010000000000000000000000000000000000000000   000000000000000000000000000        180432907642     
0010001300036U 060000000000000000000000000000000000000000000000000000000000000000000000095000000000000095000000000000000000000000000000002308201724082017            000000000000000                              000                           
0010001300037T 060257630000003330133 29076420000010372   1               00000000000000000009500104034550                         0900000000000010000000000000000000000000000000000000000   000000000000000000000000000        180432907642     
0010001300038U 060000000000000000000000000000000000000000000000000000000000000000000000095000000000000095000000000000000000000000000000002308201724082017            000000000000000                              000                           
0010001300039T 060257630000003330133 29076420000010374   1               00000000000000000009500104000170                         0900000000000010000000000000000000000000000000000000000   000000000000000000000000000        180432907642     
0010001300040U 060000000000000000000000000000000000000000000000000000000000000000000000095000000000000095000000000000000000000000000000002308201724082017            000000000000000                              000                           
0010001300041T 060257630000003330133 29076420000010375   1               00000000000000000009500104014640                         0900000000000010000000000000000000000000000000000000000   000000000000000000000000000        180432907642     
0010001300042U 060000000000000000000000000000000000000000000000000000000000000000000000095000000000000095000000000000000000000000000000002308201724082017            000000000000000                              000                           
0010001300043T 060257630000003330133 29076420000010379   1               00000000000000000009500001046736                         0900000000000010000000000000000000000000000000000000000   000000000000000000000000000        180432907642     
0010001300044U 060000000000000000000000000000000000000000000000000000000000000000000000095000000000000095000000000000000000000000000000002308201724082017            000000000000000                              000                           
0010001300045T 060257630000003330133 29076420000010380   1               00000000000000000009500001000485                         0900000000000010000000000000000000000000000000000000000   000000000000000000000000000        180432907642     
0010001300046U 060000000000000000000000000000000000000000000000000000000000000000000000095000000000000095000000000000000000000000000000002308201724082017            000000000000000                              000                           
0010001300047T 060257630000003330133 29076420000010381   1               0000000000000000000950000102936X                         0900000000000010000000000000000000000000000000000000000   000000000000000000000000000        180432907642     
0010001300048U 060000000000000000000000000000000000000000000000000000000000000000000000095000000000000095000000000000000000000000000000002308201724082017            000000000000000                              000                           
0010001300049T 060257630000003330133 29076420000010383   1               00000000000000000009500001044474                         0900000000000010000000000000000000000000000000000000000   000000000000000000000000000        180432907642     
0010001300050U 060000000000000000000000000000000000000000000000000000000000000000000000095000000000000095000000000000000000000000000000002308201724082017            000000000000000                              000                           
0010001300051T 060257630000003330133 29076420000010384   1               00000000000000000009500104011080                         0900000000000010000000000000000000000000000000000000000   000000000000000000000000000        180432907642     
0010001300052U 060000000000000000000000000000000000000000000000000000000000000000000000095000000000000095000000000000000000000000000000002308201724082017            000000000000000                              000                           
00100015         000054000000000000000000000000000000000000000000000000000000000000000000000000000000000000000000000000000000000000000000000000000                                                                                              
00199999         000001000056000000                                                                                                                                                            00000000000000000000000000000                    
