00100000         2095490960002050029076420014       0257630000003330133 COLEGIO MILITAR DE CAMPO GRANDBANCO DO BRASIL                         21408201702220200029103000000211539996PROCESSAMEN                                                 
00100011T0100020 20095490960002050029076420014       0257630000003330133 COLEGIO MILITAR DE CAMPO GRAND                                                                                000000001408201700000000  000000000                      
0010001300001T 060257630000003330133 29076420000010119   1               00000000000000000009500104000160                         0900000000000010000000000000000000000000000000000000000   000000000000000000000000000        180432907642     
0010001300002U 060000000000000000000000000000000000000000000000000000000000000000000000095000000000000095000000000000000000000000000000001408201715082017            000000000000000                              000                           
0010001300003T 060257630000003330133 29076420000010158   1               00000000000000000009500104000170                         0900000000000010000000000000000000000000000000000000000   000000000000000000000000000        180432907642     
0010001300004U 060000000000000000000000000000000000000000000000000000000000000000000000095000000000000095000000000000000000000000000000001408201715082017            000000000000000                              000                           
0010001300005T 060257630000003330133 29076420000010171   1               00000000000000000009500033045180                         0900000000000010000000000000000000000000000000000000000   000000000000000000000000000        180432907642     
0010001300006U 060000000000000000000000000000000000000000000000000000000000000000000000095000000000000095000000000000000000000000000000001408201715082017            000000000000000                              000                           
0010001300007T 060257630000003330133 29076420000010176   1               00000000000000000009500033043190                         0900000000000010000000000000000000000000000000000000000   000000000000000000000000000        180432907642     
0010001300008U 060000000000000000000000000000000000000000000000000000000000000000000000095000000000000095000000000000000000000000000000001408201715082017            000000000000000                              000                           
0010001300009T 060257630000003330133 29076420000010178   1               00000000000000000009500001069930                         0900000000000010000000000000000000000000000000000000000   000000000000000000000000000        180432907642     
0010001300010U 060000000000000000000000000000000000000000000000000000000000000000000000095000000000000095000000000000000000000000000000001408201715082017            000000000000000                              000                           
0010001300011T 060257630000003330133 29076420000010180   1               00000000000000000009500001078107                         0900000000000010000000000000000000000000000000000000000   000000000000000000000000000        180432907642     
0010001300012U 060000000000000000000000000000000000000000000000000000000000000000000000095000000000000095000000000000000000000000000000001408201715082017            000000000000000                              000                           
0010001300013T 060257630000003330133 29076420000010190   1               00000000000000000009500001004391                         0900000000000010000000000000000000000000000000000000000   000000000000000000000000000        180432907642     
0010001300014U 060000000000000000000000000000000000000000000000000000000000000000000000095000000000000095000000000000000000000000000000001408201715082017            000000000000000                              000                           
0010001300015T 060257630000003330133 29076420000010195   1               00000000000000000009500237052470                         0900000000000010000000000000000000000000000000000000000   000000000000000000000000000        180432907642     
0010001300016U 060000000000000000000000000000000000000000000000000000000000000000000000095000000000000095000000000000000000000000000000001408201715082017            000000000000000                              000                           
0010001300017T 060257630000003330133 29076420000010196   1               00000000000000000009500237052470                         0900000000000010000000000000000000000000000000000000000   000000000000000000000000000        180432907642     
0010001300018U 060000000000000000000000000000000000000000000000000000000000000000000000095000000000000095000000000000000000000000000000001408201715082017            000000000000000                              000                           
0010001300019T 060257630000003330133 29076420000010197   1               00000000000000000009500001078107                         0900000000000010000000000000000000000000000000000000000   000000000000000000000000000        180432907642     
0010001300020U 060000000000000000000000000000000000000000000000000000000000000000000000095000000000000095000000000000000000000000000000001408201715082017            000000000000000                              000                           
0010001300021T 060257630000003330133 29076420000010198   1               00000000000000000009500001019976                         0900000000000010000000000000000000000000000000000000000   000000000000000000000000000        180432907642     
0010001300022U 060000000000000000000000000000000000000000000000000000000000000000000000095000000000000095000000000000000000000000000000001408201715082017            000000000000000                              000                           
0010001300023T 060257630000003330133 29076420000010199   1               00000000000000000009500001034975                         0900000000000010000000000000000000000000000000000000000   000000000000000000000000000        180432907642     
0010001300024U 060000000000000000000000000000000000000000000000000000000000000000000000095000000000000095000000000000000000000000000000001408201715082017            000000000000000                              000                           
0010001300025T 060257630000003330133 29076420000010201   1               00000000000000000009500237021000                         0900000000000010000000000000000000000000000000000000000   000000000000000000000000000        180432907642     
0010001300026U 060000000000000000000000000000000000000000000000000000000000000000000000095000000000000095000000000000000000000000000000001408201715082017            000000000000000                              000                           
0010001300027T 060257630000003330133 29076420000010202   1               00000000000000000009500104000170                         0900000000000010000000000000000000000000000000000000000   000000000000000000000000000        180432907642     
0010001300028U 060000000000000000000000000000000000000000000000000000000000000000000000095000000000000095000000000000000000000000000000001408201715082017            000000000000000                              000                           
0010001300029T 060257630000003330133 29076420000010203   1               00000000000000000009500748090510                         0900000000000010000000000000000000000000000000000000000   000000000000000000000000000        180432907642     
0010001300030U 060000000000000000000000000000000000000000000000000000000000000000000000095000000000000095000000000000000000000000000000001408201715082017            000000000000000                              000                           
0010001300031T 060257630000003330133 29076420000010205   1               00000000000000000009500001078107                         0900000000000010000000000000000000000000000000000000000   000000000000000000000000000        180432907642     
0010001300032U 060000000000000000000000000000000000000000000000000000000000000000000000095000000000000095000000000000000000000000000000001408201715082017            000000000000000                              000                           
0010001300033T 060257630000003330133 29076420000010206   1               00000000000000000009500001086282                         0900000000000010000000000000000000000000000000000000000   000000000000000000000000000        180432907642     
0010001300034U 060000000000000000000000000000000000000000000000000000000000000000000000095000000000000095000000000000000000000000000000001408201715082017            000000000000000                              000                           
0010001300035T 060257630000003330133 29076420000010207   1               00000000000000000009500001020710                         0900000000000010000000000000000000000000000000000000000   000000000000000000000000000        180432907642     
0010001300036U 060000000000000000000000000000000000000000000000000000000000000000000000095000000000000095000000000000000000000000000000001408201715082017            000000000000000                              000                           
0010001300037T 060257630000003330133 29076420000010213   1               00000000000000000009500001034975                         0900000000000010000000000000000000000000000000000000000   000000000000000000000000000        180432907642     
0010001300038U 060000000000000000000000000000000000000000000000000000000000000000000000095000000000000095000000000000000000000000000000001408201715082017            000000000000000                              000                           
00100015         000040000000000000000000000000000000000000000000000000000000000000000000000000000000000000000000000000000000000000000000000000000                                                                                              
00199999         000001000042000000                                                                                                                                                            00000000000000000000000000000                    
