00100000         2095490960002050029076420014       0257630000003330133 COLEGIO MILITAR DE CAMPO GRANDBANCO DO BRASIL                         22807201701152600028003000000211539996PROCESSAMEN                                                 
00100011T0100020 20095490960002050029076420014       0257630000003330133 COLEGIO MILITAR DE CAMPO GRAND                                                                                000000002807201700000000  000000000                      
0010001300001T 060257630000003330133 29076420000010047   1               00000000000000000009500104034550                         0900000000000010000000000000000000000000000000000000000   000000000000000000000000000        180432907642     
0010001300002U 060000000000000000000000000000000000000000000000000000000000000000000000095000000000000095000000000000000000000000000000002807201731072017            000000000000000                              000                           
0010001300003T 060257630000003330133 29076420000010053   1               00000000000000000009500104039530                         0900000000000010000000000000000000000000000000000000000   000000000000000000000000000        180432907642     
0010001300004U 060000000000000000000000000000000000000000000000000000000000000000000000095000000000000095000000000000000000000000000000002807201731072017            000000000000000                              000                           
0010001300005T 060257630000003330133 29076420000010064   1               00000000000000000009500104000170                         0900000000000010000000000000000000000000000000000000000   000000000000000000000000000        180432907642     
0010001300006U 060000000000000000000000000000000000000000000000000000000000000000000000095000000000000095000000000000000000000000000000002807201731072017            000000000000000                              000                           
0010001300007T 060257630000003330133 29076420000010065   1               00000000000000000009500001049921                         0900000000000010000000000000000000000000000000000000000   000000000000000000000000000        180432907642     
0010001300008U 060000000000000000000000000000000000000000000000000000000000000000000000095000000000000095000000000000000000000000000000002807201731072017            000000000000000                              000                           
0010001300009T 060257630000003330133 29076420000010067   1               00000000000000000009500001046736                         0900000000000010000000000000000000000000000000000000000   000000000000000000000000000        180432907642     
0010001300010U 060000000000000000000000000000000000000000000000000000000000000000000000095000000000000095000000000000000000000000000000002807201731072017            000000000000000                              000                           
0010001300011T 060257630000003330133 29076420000010069   1               00000000000000000009500001000485                         0900000000000010000000000000000000000000000000000000000   000000000000000000000000000        180432907642     
0010001300012U 060000000000000000000000000000000000000000000000000000000000000000000000095000000000000095000000000000000000000000000000002807201731072017            000000000000000                              000                           
00100015         000014000000000000000000000000000000000000000000000000000000000000000000000000000000000000000000000000000000000000000000000000000                                                                                              
00199999         000001000016000000                                                                                                                                                            00000000000000000000000000000                    
