00100000         2095490960002050029076420014       0257630000003330133 COLEGIO MILITAR DE CAMPO GRANDBANCO DO BRASIL                         22808201702330500030103000000211539996PROCESSAMEN                                                 
00100011T0100020 20095490960002050029076420014       0257630000003330133 COLEGIO MILITAR DE CAMPO GRAND                                                                                000000002808201700000000  000000000                      
0010001300001T 060257630000003330133 29076420000010210   1               00000000000000000009500104032520                         0900000000000010000000000000000000000000000000000000000   000000000000000000000000000        180432907642     
0010001300002U 060000000000000000000000000000000000000000000000000000000000000000000000095000000000000095000000000000000000000000000000002808201729082017            000000000000000                              000                           
0010001300003T 060257630000003330133 29076420000010263   1               00000000000000000009500001018732                         0900000000000010000000000000000000000000000000000000000   000000000000000000000000000        180432907642     
0010001300004U 060000000000000000000000000000000000000000000000000000000000000000000000095000000000000095000000000000000000000000000000002808201729082017            000000000000000                              000                           
0010001300005T 060257630000003330133 29076420000010281   1               00000000000000000009500104008570                         0900000000000010000000000000000000000000000000000000000   000000000000000000000000000        180432907642     
0010001300006U 060000000000000000000000000000000000000000000000000000000000000000000000095000000000000095000000000000000000000000000000002808201729082017            000000000000000                              000                           
0010001300007T 060257630000003330133 29076420000010309   1               00000000000000000009500001078107                         0900000000000010000000000000000000000000000000000000000   000000000000000000000000000        180432907642     
0010001300008U 060000000000000000000000000000000000000000000000000000000000000000000000095000000000000095000000000000000000000000000000002808201729082017            000000000000000                              000                           
0010001300009T 060257630000003330133 29076420000010317   1               00000000000000000009500033034650                         0900000000000010000000000000000000000000000000000000000   000000000000000000000000000        180432907642     
0010001300010U 060000000000000000000000000000000000000000000000000000000000000000000000095000000000000095000000000000000000000000000000002808201729082017            000000000000000                              000                           
0010001300011T 060257630000003330133 29076420000010325   1               00000000000000000009500237065220                         0900000000000010000000000000000000000000000000000000000   000000000000000000000000000        180432907642     
0010001300012U 060000000000000000000000000000000000000000000000000000000000000000000000095000000000000095000000000000000000000000000000002808201729082017            000000000000000                              000                           
0010001300013T 060257630000003330133 29076420000010330   1               00000000000000000009500001000485                         0900000000000010000000000000000000000000000000000000000   000000000000000000000000000        180432907642     
0010001300014U 060000000000000000000000000000000000000000000000000000000000000000000000095000000000000095000000000000000000000000000000002808201729082017            000000000000000                              000                           
0010001300015T 060257630000003330133 29076420000010332   1               00000000000000000009500001044474                         0900000000000010000000000000000000000000000000000000000   000000000000000000000000000        180432907642     
0010001300016U 060000000000000000000000000000000000000000000000000000000000000000000000095000000000000095000000000000000000000000000000002808201729082017            000000000000000                              000                           
0010001300017T 060257630000003330133 29076420000010346   1               00000000000000000009500237050030                         0900000000000010000000000000000000000000000000000000000   000000000000000000000000000        180432907642     
0010001300018U 060000000000000000000000000000000000000000000000000000000000000000000000095000000000000095000000000000000000000000000000002808201729082017            000000000000000                              000                           
0010001300019T 060257630000003330133 29076420000010353   1               00000000000000000009500001044474                         0900000000000010000000000000000000000000000000000000000   000000000000000000000000000        180432907642     
0010001300020U 060000000000000000000000000000000000000000000000000000000000000000000000095000000000000095000000000000000000000000000000002808201729082017            000000000000000                              000                           
0010001300021T 060257630000003330133 29076420000010358   1               00000000000000000009500104011080                         0900000000000010000000000000000000000000000000000000000   000000000000000000000000000        180432907642     
0010001300022U 060000000000000000000000000000000000000000000000000000000000000000000000095000000000000095000000000000000000000000000000002808201729082017            000000000000000                              000                           
0010001300023T 060257630000003330133 29076420000010382   1               00000000000000000009500748090450                         0900000000000010000000000000000000000000000000000000000   000000000000000000000000000        180432907642     
0010001300024U 060000000000000000000000000000000000000000000000000000000000000000000000095000000000000095000000000000000000000000000000002808201729082017            000000000000000                              000                           
0010001300025T 060257630000003330133 29076420000010389   1               00000000000000000009500001029513                         0900000000000010000000000000000000000000000000000000000   000000000000000000000000000        180432907642     
0010001300026U 060000000000000000000000000000000000000000000000000000000000000000000000095000000000000095000000000000000000000000000000002808201729082017            000000000000000                              000                           
0010001300027T 060257630000003330133 29076420000010397   1               00000000000000000009500001034967                         0900000000000010000000000000000000000000000000000000000   000000000000000000000000000        180432907642     
0010001300028U 060000000000000000000000000000000000000000000000000000000000000000000000095000000000000095000000000000000000000000000000002808201729082017            000000000000000                              000                           
0010001300029T 060257630000003330133 29076420000010400   1               00000000000000000009500099043010                         0900000000000010000000000000000000000000000000000000000   000000000000000000000000000        180432907642     
0010001300030U 060000000000000000000000000000000000000000000000000000000000000000000000095000000000000095000000000000000000000000000000002808201729082017            000000000000000                              000                           
0010001300031T 060257630000003330133 29076420000010416   1               00000000000000000009500001034975                         0900000000000010000000000000000000000000000000000000000   000000000000000000000000000        180432907642     
0010001300032U 060000000000000000000000000000000000000000000000000000000000000000000000095000000000000095000000000000000000000000000000002808201729082017            000000000000000                              000                           
0010001300033T 060257630000003330133 29076420000010424   1               00000000000000000009500237017470                         0900000000000010000000000000000000000000000000000000000   000000000000000000000000000        180432907642     
0010001300034U 060000000000000000000000000000000000000000000000000000000000000000000000095000000000000095000000000000000000000000000000002808201729082017            000000000000000                              000                           
0010001300035T 060257630000003330133 29076420000010427   1               0000000000000000000950000105772X                         0900000000000010000000000000000000000000000000000000000   000000000000000000000000000        180432907642     
0010001300036U 060000000000000000000000000000000000000000000000000000000000000000000000095000000000000095000000000000000000000000000000002808201729082017            000000000000000                              000                           
0010001300037T 060257630000003330133 29076420000010428   1               00000000000000000009500001078107                         0900000000000010000000000000000000000000000000000000000   000000000000000000000000000        180432907642     
0010001300038U 060000000000000000000000000000000000000000000000000000000000000000000000095000000000000095000000000000000000000000000000002808201729082017            000000000000000                              000                           
0010001300039T 060257630000003330133 29076420000010429   1               00000000000000000009500001078107                         0900000000000010000000000000000000000000000000000000000   000000000000000000000000000        180432907642     
0010001300040U 060000000000000000000000000000000000000000000000000000000000000000000000095000000000000095000000000000000000000000000000002808201729082017            000000000000000                              000                           
0010001300041T 060257630000003330133 29076420000010430   1               00000000000000000009500001000485                         0900000000000010000000000000000000000000000000000000000   000000000000000000000000000        180432907642     
0010001300042U 060000000000000000000000000000000000000000000000000000000000000000000000095000000000000095000000000000000000000000000000002808201729082017            000000000000000                              000                           
0010001300043T 060257630000003330133 29076420000010432   1               00000000000000000009500001078107                         0900000000000010000000000000000000000000000000000000000   000000000000000000000000000        180432907642     
0010001300044U 060000000000000000000000000000000000000000000000000000000000000000000000095000000000000095000000000000000000000000000000002808201729082017            000000000000000                              000                           
0010001300045T 060257630000003330133 29076420000010433   1               00000000000000000009500001000485                         0900000000000010000000000000000000000000000000000000000   000000000000000000000000000        180432907642     
0010001300046U 060000000000000000000000000000000000000000000000000000000000000000000000095000000000000095000000000000000000000000000000002808201729082017            000000000000000                              000                           
0010001300047T 060257630000003330133 29076420000010434   1               00000000000000000009500001078107                         0900000000000010000000000000000000000000000000000000000   000000000000000000000000000        180432907642     
0010001300048U 060000000000000000000000000000000000000000000000000000000000000000000000095000000000000095000000000000000000000000000000002808201729082017            000000000000000                              000                           
0010001300049T 060257630000003330133 29076420000010435   1               00000000000000000009500001078107                         0900000000000010000000000000000000000000000000000000000   000000000000000000000000000        180432907642     
0010001300050U 060000000000000000000000000000000000000000000000000000000000000000000000095000000000000095000000000000000000000000000000002808201729082017            000000000000000                              000                           
0010001300051T 060257630000003330133 29076420000010436   1               00000000000000000009500748090540                         0900000000000010000000000000000000000000000000000000000   000000000000000000000000000        180432907642     
0010001300052U 060000000000000000000000000000000000000000000000000000000000000000000000095000000000000095000000000000000000000000000000002808201729082017            000000000000000                              000                           
0010001300053T 060257630000003330133 29076420000010437   1               00000000000000000009500033007730                         0900000000000010000000000000000000000000000000000000000   000000000000000000000000000        180432907642     
0010001300054U 060000000000000000000000000000000000000000000000000000000000000000000000095000000000000095000000000000000000000000000000002808201729082017            000000000000000                              000                           
0010001300055T 060257630000003330133 29076420000010438   1               00000000000000000009500001071145                         0900000000000010000000000000000000000000000000000000000   000000000000000000000000000        180432907642     
0010001300056U 060000000000000000000000000000000000000000000000000000000000000000000000095000000000000095000000000000000000000000000000002808201729082017            000000000000000                              000                           
0010001300057T 060257630000003330133 29076420000010439   1               00000000000000000009500001018732                         0900000000000010000000000000000000000000000000000000000   000000000000000000000000000        180432907642     
0010001300058U 060000000000000000000000000000000000000000000000000000000000000000000000095000000000000095000000000000000000000000000000002808201729082017            000000000000000                              000                           
0010001300059T 060257630000003330133 29076420000010440   1               0000000000000000000950000102340X                         0900000000000010000000000000000000000000000000000000000   000000000000000000000000000        180432907642     
0010001300060U 060000000000000000000000000000000000000000000000000000000000000000000000095000000000000095000000000000000000000000000000002808201729082017            000000000000000                              000                           
0010001300061T 060257630000003330133 29076420000010441   1               00000000000000000009500001078107                         0900000000000010000000000000000000000000000000000000000   000000000000000000000000000        180432907642     
0010001300062U 060000000000000000000000000000000000000000000000000000000000000000000000095000000000000095000000000000000000000000000000002808201729082017            000000000000000                              000                           
0010001300063T 060257630000003330133 29076420000010442   1               00000000000000000009500001034975                         0900000000000010000000000000000000000000000000000000000   000000000000000000000000000        180432907642     
0010001300064U 060000000000000000000000000000000000000000000000000000000000000000000000095000000000000095000000000000000000000000000000002808201729082017            000000000000000                              000                           
0010001300065T 060257630000003330133 29076420000010443   1               00000000000000000009500104015680                         0900000000000010000000000000000000000000000000000000000   000000000000000000000000000        180432907642     
0010001300066U 060000000000000000000000000000000000000000000000000000000000000000000000095000000000000095000000000000000000000000000000002808201729082017            000000000000000                              000                           
0010001300067T 060257630000003330133 29076420000010444   1               00000000000000000009500001057991                         0900000000000010000000000000000000000000000000000000000   000000000000000000000000000        180432907642     
0010001300068U 060000000000000000000000000000000000000000000000000000000000000000000000095000000000000095000000000000000000000000000000002808201729082017            000000000000000                              000                           
0010001300069T 060257630000003330133 29076420000010445   1               00000000000000000009500001078107                         0900000000000010000000000000000000000000000000000000000   000000000000000000000000000        180432907642     
0010001300070U 060000000000000000000000000000000000000000000000000000000000000000000000095000000000000095000000000000000000000000000000002808201729082017            000000000000000                              000                           
0010001300071T 060257630000003330133 29076420000010446   1               00000000000000000009500001029165                         0900000000000010000000000000000000000000000000000000000   000000000000000000000000000        180432907642     
0010001300072U 060000000000000000000000000000000000000000000000000000000000000000000000095000000000000095000000000000000000000000000000002808201729082017            000000000000000                              000                           
0010001300073T 060257630000003330133 29076420000010447   1               00000000000000000009500748090450                         0900000000000010000000000000000000000000000000000000000   000000000000000000000000000        180432907642     
0010001300074U 060000000000000000000000000000000000000000000000000000000000000000000000095000000000000095000000000000000000000000000000002808201729082017            000000000000000                              000                           
0010001300075T 060257630000003330133 29076420000010448   1               00000000000000000009500001078107                         0900000000000010000000000000000000000000000000000000000   000000000000000000000000000        180432907642     
0010001300076U 060000000000000000000000000000000000000000000000000000000000000000000000095000000000000095000000000000000000000000000000002808201729082017            000000000000000                              000                           
0010001300077T 060257630000003330133 29076420000010449   1               00000000000000000009500001000485                         0900000000000010000000000000000000000000000000000000000   000000000000000000000000000        180432907642     
0010001300078U 060000000000000000000000000000000000000000000000000000000000000000000000095000000000000095000000000000000000000000000000002808201729082017            000000000000000                              000                           
0010001300079T 060257630000003330133 29076420000010450   1               00000000000000000009500104011080                         0900000000000010000000000000000000000000000000000000000   000000000000000000000000000        180432907642     
0010001300080U 060000000000000000000000000000000000000000000000000000000000000000000000095000000000000095000000000000000000000000000000002808201729082017            000000000000000                              000                           
0010001300081T 060257630000003330133 29076420000010451   1               00000000000000000009500001029165                         0900000000000010000000000000000000000000000000000000000   000000000000000000000000000        180432907642     
0010001300082U 060000000000000000000000000000000000000000000000000000000000000000000000095000000000000095000000000000000000000000000000002808201729082017            000000000000000                              000                           
0010001300083T 060257630000003330133 29076420000010452   1               00000000000000000009500001034975                         0900000000000010000000000000000000000000000000000000000   000000000000000000000000000        180432907642     
0010001300084U 060000000000000000000000000000000000000000000000000000000000000000000000095000000000000095000000000000000000000000000000002808201729082017            000000000000000                              000                           
0010001300085T 060257630000003330133 29076420000010453   1               00000000000000000009500001034975                         0900000000000010000000000000000000000000000000000000000   000000000000000000000000000        180432907642     
0010001300086U 060000000000000000000000000000000000000000000000000000000000000000000000095000000000000095000000000000000000000000000000002808201729082017            000000000000000                              000                           
0010001300087T 060257630000003330133 29076420000010454   1               00000000000000000009500001029513                         0900000000000010000000000000000000000000000000000000000   000000000000000000000000000        180432907642     
0010001300088U 060000000000000000000000000000000000000000000000000000000000000000000000095000000000000095000000000000000000000000000000002808201729082017            000000000000000                              000                           
0010001300089T 060257630000003330133 29076420000010455   1               00000000000000000009500001034975                         0900000000000010000000000000000000000000000000000000000   000000000000000000000000000        180432907642     
0010001300090U 060000000000000000000000000000000000000000000000000000000000000000000000095000000000000095000000000000000000000000000000002808201729082017            000000000000000                              000                           
0010001300091T 060257630000003330133 29076420000010456   1               00000000000000000009500001034975                         0900000000000010000000000000000000000000000000000000000   000000000000000000000000000        180432907642     
0010001300092U 060000000000000000000000000000000000000000000000000000000000000000000000095000000000000095000000000000000000000000000000002808201729082017            000000000000000                              000                           
0010001300093T 060257630000003330133 29076420000010457   1               00000000000000000009500001029599                         0900000000000010000000000000000000000000000000000000000   000000000000000000000000000        180432907642     
0010001300094U 060000000000000000000000000000000000000000000000000000000000000000000000095000000000000095000000000000000000000000000000002808201729082017            000000000000000                              000                           
0010001300095T 060257630000003330133 29076420000010458   1               00000000000000000009500001034975                         0900000000000010000000000000000000000000000000000000000   000000000000000000000000000        180432907642     
0010001300096U 060000000000000000000000000000000000000000000000000000000000000000000000095000000000000095000000000000000000000000000000002808201729082017            000000000000000                              000                           
0010001300097T 060257630000003330133 29076420000010460   1               00000000000000000009500001000485                         0900000000000010000000000000000000000000000000000000000   000000000000000000000000000        180432907642     
0010001300098U 060000000000000000000000000000000000000000000000000000000000000000000000095000000000000095000000000000000000000000000000002808201729082017            000000000000000                              000                           
0010001300099T 060257630000003330133 29076420000010461   1               00000000000000000009500001078107                         0900000000000010000000000000000000000000000000000000000   000000000000000000000000000        180432907642     
0010001300100U 060000000000000000000000000000000000000000000000000000000000000000000000095000000000000095000000000000000000000000000000002808201729082017            000000000000000                              000                           
0010001300101T 060257630000003330133 29076420000010462   1               00000000000000000009500001078107                         0900000000000010000000000000000000000000000000000000000   000000000000000000000000000        180432907642     
0010001300102U 060000000000000000000000000000000000000000000000000000000000000000000000095000000000000095000000000000000000000000000000002808201729082017            000000000000000                              000                           
0010001300103T 060257630000003330133 29076420000010463   1               00000000000000000009500001000485                         0900000000000010000000000000000000000000000000000000000   000000000000000000000000000        180432907642     
0010001300104U 060000000000000000000000000000000000000000000000000000000000000000000000095000000000000095000000000000000000000000000000002808201729082017            000000000000000                              000                           
0010001300105T 060257630000003330133 29076420000010464   1               00000000000000000009500001078107                         0900000000000010000000000000000000000000000000000000000   000000000000000000000000000        180432907642     
0010001300106U 060000000000000000000000000000000000000000000000000000000000000000000000095000000000000095000000000000000000000000000000002808201729082017            000000000000000                              000                           
0010001300107T 060257630000003330133 29076420000010465   1               00000000000000000009500033045820                         0900000000000010000000000000000000000000000000000000000   000000000000000000000000000        180432907642     
0010001300108U 060000000000000000000000000000000000000000000000000000000000000000000000095000000000000095000000000000000000000000000000002808201729082017            000000000000000                              000                           
0010001300109T 060257630000003330133 29076420000010466   1               00000000000000000009500001078107                         0900000000000010000000000000000000000000000000000000000   000000000000000000000000000        180432907642     
0010001300110U 060000000000000000000000000000000000000000000000000000000000000000000000095000000000000095000000000000000000000000000000002808201729082017            000000000000000                              000                           
0010001300111T 060257630000003330133 29076420000010467   1               00000000000000000009500001029165                         0900000000000010000000000000000000000000000000000000000   000000000000000000000000000        180432907642     
0010001300112U 060000000000000000000000000000000000000000000000000000000000000000000000095000000000000095000000000000000000000000000000002808201729082017            000000000000000                              000                           
0010001300113T 060257630000003330133 29076420000010468   1               00000000000000000009500001069930                         0900000000000010000000000000000000000000000000000000000   000000000000000000000000000        180432907642     
0010001300114U 060000000000000000000000000000000000000000000000000000000000000000000000095000000000000095000000000000000000000000000000002808201729082017            000000000000000                              000                           
0010001300115T 060257630000003330133 29076420000010469   1               00000000000000000009500001000485                         0900000000000010000000000000000000000000000000000000000   000000000000000000000000000        180432907642     
0010001300116U 060000000000000000000000000000000000000000000000000000000000000000000000095000000000000095000000000000000000000000000000002808201729082017            000000000000000                              000                           
0010001300117T 060257630000003330133 29076420000010470   1               00000000000000000009500001000485                         0900000000000010000000000000000000000000000000000000000   000000000000000000000000000        180432907642     
0010001300118U 060000000000000000000000000000000000000000000000000000000000000000000000095000000000000095000000000000000000000000000000002808201729082017            000000000000000                              000                           
0010001300119T 060257630000003330133 29076420000010471   1               00000000000000000009500001000485                         0900000000000010000000000000000000000000000000000000000   000000000000000000000000000        180432907642     
0010001300120U 060000000000000000000000000000000000000000000000000000000000000000000000095000000000000095000000000000000000000000000000002808201729082017            000000000000000                              000                           
0010001300121T 060257630000003330133 29076420000010473   1               00000000000000000009500001007064                         0900000000000010000000000000000000000000000000000000000   000000000000000000000000000        180432907642     
0010001300122U 060000000000000000000000000000000000000000000000000000000000000000000000095000000000000095000000000000000000000000000000002808201729082017            000000000000000                              000                           
0010001300123T 060257630000003330133 29076420000010474   1               00000000000000000009500001034975                         0900000000000010000000000000000000000000000000000000000   000000000000000000000000000        180432907642     
0010001300124U 060000000000000000000000000000000000000000000000000000000000000000000000095000000000000095000000000000000000000000000000002808201729082017            000000000000000                              000                           
0010001300125T 060257630000003330133 29076420000010475   1               00000000000000000009500001078107                         0900000000000010000000000000000000000000000000000000000   000000000000000000000000000        180432907642     
0010001300126U 060000000000000000000000000000000000000000000000000000000000000000000000095000000000000095000000000000000000000000000000002808201729082017            000000000000000                              000                           
0010001300127T 060257630000003330133 29076420000010476   1               00000000000000000009500104019790                         0900000000000010000000000000000000000000000000000000000   000000000000000000000000000        180432907642     
0010001300128U 060000000000000000000000000000000000000000000000000000000000000000000000095000000000000095000000000000000000000000000000002808201729082017            000000000000000                              000                           
0010001300129T 060257630000003330133 29076420000010477   1               00000000000000000009500001029165                         0900000000000010000000000000000000000000000000000000000   000000000000000000000000000        180432907642     
0010001300130U 060000000000000000000000000000000000000000000000000000000000000000000000095000000000000095000000000000000000000000000000002808201729082017            000000000000000                              000                           
0010001300131T 060257630000003330133 29076420000010478   1               00000000000000000009500001078107                         0900000000000010000000000000000000000000000000000000000   000000000000000000000000000        180432907642     
0010001300132U 060000000000000000000000000000000000000000000000000000000000000000000000095000000000000095000000000000000000000000000000002808201729082017            000000000000000                              000                           
0010001300133T 060257630000003330133 29076420000010479   1               0000000000000000000950000102936X                         0900000000000010000000000000000000000000000000000000000   000000000000000000000000000        180432907642     
0010001300134U 060000000000000000000000000000000000000000000000000000000000000000000000095000000000000095000000000000000000000000000000002808201729082017            000000000000000                              000                           
0010001300135T 060257630000003330133 29076420000010481   1               00000000000000000009500001078107                         0900000000000010000000000000000000000000000000000000000   000000000000000000000000000        180432907642     
0010001300136U 060000000000000000000000000000000000000000000000000000000000000000000000095000000000000095000000000000000000000000000000002808201729082017            000000000000000                              000                           
0010001300137T 060257630000003330133 29076420000010482   1               0000000000000000000950000102936X                         0900000000000010000000000000000000000000000000000000000   000000000000000000000000000        180432907642     
0010001300138U 060000000000000000000000000000000000000000000000000000000000000000000000095000000000000095000000000000000000000000000000002808201729082017            000000000000000                              000                           
0010001300139T 060257630000003330133 29076420000010483   1               00000000000000000009500001018732                         0900000000000010000000000000000000000000000000000000000   000000000000000000000000000        180432907642     
0010001300140U 060000000000000000000000000000000000000000000000000000000000000000000000095000000000000095000000000000000000000000000000002808201729082017            000000000000000                              000                           
0010001300141T 060257630000003330133 29076420000010484   1               00000000000000000009500001078107                         0900000000000010000000000000000000000000000000000000000   000000000000000000000000000        180432907642     
0010001300142U 060000000000000000000000000000000000000000000000000000000000000000000000095000000000000095000000000000000000000000000000002808201729082017            000000000000000                              000                           
0010001300143T 060257630000003330133 29076420000010485   1               00000000000000000009500001019976                         0900000000000010000000000000000000000000000000000000000   000000000000000000000000000        180432907642     
0010001300144U 060000000000000000000000000000000000000000000000000000000000000000000000095000000000000095000000000000000000000000000000002808201729082017            000000000000000                              000                           
0010001300145T 060257630000003330133 29076420000010486   1               00000000000000000009500001008389                         0900000000000010000000000000000000000000000000000000000   000000000000000000000000000        180432907642     
0010001300146U 060000000000000000000000000000000000000000000000000000000000000000000000095000000000000095000000000000000000000000000000002808201729082017            000000000000000                              000                           
0010001300147T 060257630000003330133 29076420000010487   1               00000000000000000009500001071145                         0900000000000010000000000000000000000000000000000000000   000000000000000000000000000        180432907642     
0010001300148U 060000000000000000000000000000000000000000000000000000000000000000000000095000000000000095000000000000000000000000000000002808201729082017            000000000000000                              000                           
0010001300149T 060257630000003330133 29076420000010488   1               00000000000000000009500001029599                         0900000000000010000000000000000000000000000000000000000   000000000000000000000000000        180432907642     
0010001300150U 060000000000000000000000000000000000000000000000000000000000000000000000095000000000000095000000000000000000000000000000002808201729082017            000000000000000                              000                           
0010001300151T 060257630000003330133 29076420000010489   1               00000000000000000009500001000485                         0900000000000010000000000000000000000000000000000000000   000000000000000000000000000        180432907642     
0010001300152U 060000000000000000000000000000000000000000000000000000000000000000000000095000000000000095000000000000000000000000000000002808201729082017            000000000000000                              000                           
0010001300153T 060257630000003330133 29076420000010490   1               00000000000000000009500033030850                         0900000000000010000000000000000000000000000000000000000   000000000000000000000000000        180432907642     
0010001300154U 060000000000000000000000000000000000000000000000000000000000000000000000095000000000000095000000000000000000000000000000002808201729082017            000000000000000                              000                           
0010001300155T 060257630000003330133 29076420000010491   1               00000000000000000009500001029513                         0900000000000010000000000000000000000000000000000000000   000000000000000000000000000        180432907642     
0010001300156U 060000000000000000000000000000000000000000000000000000000000000000000000095000000000000095000000000000000000000000000000002808201729082017            000000000000000                              000                           
0010001300157T 060257630000003330133 29076420000010492   1               00000000000000000009500001069930                         0900000000000010000000000000000000000000000000000000000   000000000000000000000000000        180432907642     
0010001300158U 060000000000000000000000000000000000000000000000000000000000000000000000095000000000000095000000000000000000000000000000002808201729082017            000000000000000                              000                           
0010001300159T 060257630000003330133 29076420000010493   1               00000000000000000009500104031440                         0900000000000010000000000000000000000000000000000000000   000000000000000000000000000        180432907642     
0010001300160U 060000000000000000000000000000000000000000000000000000000000000000000000095000000000000095000000000000000000000000000000002808201729082017            000000000000000                              000                           
0010001300161T 060257630000003330133 29076420000010494   1               00000000000000000009500001044210                         0900000000000010000000000000000000000000000000000000000   000000000000000000000000000        180432907642     
0010001300162U 060000000000000000000000000000000000000000000000000000000000000000000000095000000000000095000000000000000000000000000000002808201729082017            000000000000000                              000                           
0010001300163T 060257630000003330133 29076420000010495   1               00000000000000000009500001034975                         0900000000000010000000000000000000000000000000000000000   000000000000000000000000000        180432907642     
0010001300164U 060000000000000000000000000000000000000000000000000000000000000000000000095000000000000095000000000000000000000000000000002808201729082017            000000000000000                              000                           
0010001300165T 060257630000003330133 29076420000010496   1               00000000000000000009500001029165                         0900000000000010000000000000000000000000000000000000000   000000000000000000000000000        180432907642     
0010001300166U 060000000000000000000000000000000000000000000000000000000000000000000000095000000000000095000000000000000000000000000000002808201729082017            000000000000000                              000                           
0010001300167T 060257630000003330133 29076420000010497   1               00000000000000000009500001078107                         0900000000000010000000000000000000000000000000000000000   000000000000000000000000000        180432907642     
0010001300168U 060000000000000000000000000000000000000000000000000000000000000000000000095000000000000095000000000000000000000000000000002808201729082017            000000000000000                              000                           
0010001300169T 060257630000003330133 29076420000010498   1               00000000000000000009500001000485                         0900000000000010000000000000000000000000000000000000000   000000000000000000000000000        180432907642     
0010001300170U 060000000000000000000000000000000000000000000000000000000000000000000000095000000000000095000000000000000000000000000000002808201729082017            000000000000000                              000                           
0010001300171T 060257630000003330133 29076420000010499   1               00000000000000000009500001078107                         0900000000000010000000000000000000000000000000000000000   000000000000000000000000000        180432907642     
0010001300172U 060000000000000000000000000000000000000000000000000000000000000000000000095000000000000095000000000000000000000000000000002808201729082017            000000000000000                              000                           
0010001300173T 060257630000003330133 29076420000010500   1               00000000000000000009500001039292                         0900000000000010000000000000000000000000000000000000000   000000000000000000000000000        180432907642     
0010001300174U 060000000000000000000000000000000000000000000000000000000000000000000000095000000000000095000000000000000000000000000000002808201729082017            000000000000000                              000                           
0010001300175T 060257630000003330133 29076420000010501   1               00000000000000000009500001078107                         0900000000000010000000000000000000000000000000000000000   000000000000000000000000000        180432907642     
0010001300176U 060000000000000000000000000000000000000000000000000000000000000000000000095000000000000095000000000000000000000000000000002808201729082017            000000000000000                              000                           
0010001300177T 060257630000003330133 29076420000010502   1               00000000000000000009500001034975                         0900000000000010000000000000000000000000000000000000000   000000000000000000000000000        180432907642     
0010001300178U 060000000000000000000000000000000000000000000000000000000000000000000000095000000000000095000000000000000000000000000000002808201729082017            000000000000000                              000                           
0010001300179T 060257630000003330133 29076420000010503   1               00000000000000000009500001034967                         0900000000000010000000000000000000000000000000000000000   000000000000000000000000000        180432907642     
0010001300180U 060000000000000000000000000000000000000000000000000000000000000000000000095000000000000095000000000000000000000000000000002808201729082017            000000000000000                              000                           
0010001300181T 060257630000003330133 29076420000010505   1               00000000000000000009500001034975                         0900000000000010000000000000000000000000000000000000000   000000000000000000000000000        180432907642     
0010001300182U 060000000000000000000000000000000000000000000000000000000000000000000000095000000000000095000000000000000000000000000000002808201729082017            000000000000000                              000                           
0010001300183T 060257630000003330133 29076420000010507   1               00000000000000000009500001078107                         0900000000000010000000000000000000000000000000000000000   000000000000000000000000000        180432907642     
0010001300184U 060000000000000000000000000000000000000000000000000000000000000000000000095000000000000095000000000000000000000000000000002808201729082017            000000000000000                              000                           
0010001300185T 060257630000003330133 29076420000010508   1               00000000000000000009500001000485                         0900000000000010000000000000000000000000000000000000000   000000000000000000000000000        180432907642     
0010001300186U 060000000000000000000000000000000000000000000000000000000000000000000000095000000000000095000000000000000000000000000000002808201729082017            000000000000000                              000                           
0010001300187T 060257630000003330133 29076420000010509   1               00000000000000000009500001044474                         0900000000000010000000000000000000000000000000000000000   000000000000000000000000000        180432907642     
0010001300188U 060000000000000000000000000000000000000000000000000000000000000000000000095000000000000095000000000000000000000000000000002808201729082017            000000000000000                              000                           
0010001300189T 060257630000003330133 29076420000010510   1               00000000000000000009500104000170                         0900000000000010000000000000000000000000000000000000000   000000000000000000000000000        180432907642     
0010001300190U 060000000000000000000000000000000000000000000000000000000000000000000000095000000000000095000000000000000000000000000000002808201729082017            000000000000000                              000                           
0010001300191T 060257630000003330133 29076420000010511   1               00000000000000000009500001078107                         0900000000000010000000000000000000000000000000000000000   000000000000000000000000000        180432907642     
0010001300192U 060000000000000000000000000000000000000000000000000000000000000000000000095000000000000095000000000000000000000000000000002808201729082017            000000000000000                              000                           
0010001300193T 060257630000003330133 29076420000010512   1               00000000000000000009500001078107                         0900000000000010000000000000000000000000000000000000000   000000000000000000000000000        180432907642     
0010001300194U 060000000000000000000000000000000000000000000000000000000000000000000000095000000000000095000000000000000000000000000000002808201729082017            000000000000000                              000                           
0010001300195T 060257630000003330133 29076420000010513   1               00000000000000000009500001000485                         0900000000000010000000000000000000000000000000000000000   000000000000000000000000000        180432907642     
0010001300196U 060000000000000000000000000000000000000000000000000000000000000000000000095000000000000095000000000000000000000000000000002808201729082017            000000000000000                              000                           
0010001300197T 060257630000003330133 29076420000010514   1               00000000000000000009500001057991                         0900000000000010000000000000000000000000000000000000000   000000000000000000000000000        180432907642     
0010001300198U 060000000000000000000000000000000000000000000000000000000000000000000000095000000000000095000000000000000000000000000000002808201729082017            000000000000000                              000                           
0010001300199T 060257630000003330133 29076420000010515   1               00000000000000000009500001069930                         0900000000000010000000000000000000000000000000000000000   000000000000000000000000000        180432907642     
0010001300200U 060000000000000000000000000000000000000000000000000000000000000000000000095000000000000095000000000000000000000000000000002808201729082017            000000000000000                              000                           
0010001300201T 060257630000003330133 29076420000010516   1               00000000000000000009500001078107                         0900000000000010000000000000000000000000000000000000000   000000000000000000000000000        180432907642     
0010001300202U 060000000000000000000000000000000000000000000000000000000000000000000000095000000000000095000000000000000000000000000000002808201729082017            000000000000000                              000                           
0010001300203T 060257630000003330133 29076420000010517   1               00000000000000000009500001078107                         0900000000000010000000000000000000000000000000000000000   000000000000000000000000000        180432907642     
0010001300204U 060000000000000000000000000000000000000000000000000000000000000000000000095000000000000095000000000000000000000000000000002808201729082017            000000000000000                              000                           
0010001300205T 060257630000003330133 29076420000010518   1               00000000000000000009500001078107                         0900000000000010000000000000000000000000000000000000000   000000000000000000000000000        180432907642     
0010001300206U 060000000000000000000000000000000000000000000000000000000000000000000000095000000000000095000000000000000000000000000000002808201729082017            000000000000000                              000                           
0010001300207T 060257630000003330133 29076420000010519   1               00000000000000000009500001078107                         0900000000000010000000000000000000000000000000000000000   000000000000000000000000000        180432907642     
0010001300208U 060000000000000000000000000000000000000000000000000000000000000000000000095000000000000095000000000000000000000000000000002808201729082017            000000000000000                              000                           
0010001300209T 060257630000003330133 29076420000010520   1               00000000000000000009500104015680                         0900000000000010000000000000000000000000000000000000000   000000000000000000000000000        180432907642     
0010001300210U 060000000000000000000000000000000000000000000000000000000000000000000000095000000000000095000000000000000000000000000000002808201729082017            000000000000000                              000                           
0010001300211T 060257630000003330133 29076420000010521   1               00000000000000000009500237052470                         0900000000000010000000000000000000000000000000000000000   000000000000000000000000000        180432907642     
0010001300212U 060000000000000000000000000000000000000000000000000000000000000000000000095000000000000095000000000000000000000000000000002808201729082017            000000000000000                              000                           
0010001300213T 060257630000003330133 29076420000010523   1               00000000000000000009500001018732                         0900000000000010000000000000000000000000000000000000000   000000000000000000000000000        180432907642     
0010001300214U 060000000000000000000000000000000000000000000000000000000000000000000000095000000000000095000000000000000000000000000000002808201729082017            000000000000000                              000                           
0010001300215T 060257630000003330133 29076420000010524   1               00000000000000000009500001078107                         0900000000000010000000000000000000000000000000000000000   000000000000000000000000000        180432907642     
0010001300216U 060000000000000000000000000000000000000000000000000000000000000000000000095000000000000095000000000000000000000000000000002808201729082017            000000000000000                              000                           
0010001300217T 060257630000003330133 29076420000010525   1               00000000000000000009500001078107                         0900000000000010000000000000000000000000000000000000000   000000000000000000000000000        180432907642     
0010001300218U 060000000000000000000000000000000000000000000000000000000000000000000000095000000000000095000000000000000000000000000000002808201729082017            000000000000000                              000                           
0010001300219T 060257630000003330133 29076420000010526   1               00000000000000000009500001000485                         0900000000000010000000000000000000000000000000000000000   000000000000000000000000000        180432907642     
0010001300220U 060000000000000000000000000000000000000000000000000000000000000000000000095000000000000095000000000000000000000000000000002808201729082017            000000000000000                              000                           
0010001300221T 060257630000003330133 29076420000010527   1               00000000000000000009500001029513                         0900000000000010000000000000000000000000000000000000000   000000000000000000000000000        180432907642     
0010001300222U 060000000000000000000000000000000000000000000000000000000000000000000000095000000000000095000000000000000000000000000000002808201729082017            000000000000000                              000                           
0010001300223T 060257630000003330133 29076420000010528   1               00000000000000000009500237035850                         0900000000000010000000000000000000000000000000000000000   000000000000000000000000000        180432907642     
0010001300224U 060000000000000000000000000000000000000000000000000000000000000000000000095000000000000095000000000000000000000000000000002808201729082017            000000000000000                              000                           
00100015         000226000000000000000000000000000000000000000000000000000000000000000000000000000000000000000000000000000000000000000000000000000                                                                                              
00199999         000001000228000000                                                                                                                                                            00000000000000000000000000000                    
