00100000         2095490960002050029076420014       0257630000003330133 COLEGIO MILITAR DE CAMPO GRANDBANCO DO BRASIL                         22208201701355800029703000000211539996PROCESSAMEN                                                 
00100011T0100020 20095490960002050029076420014       0257630000003330133 COLEGIO MILITAR DE CAMPO GRAND                                                                                000000002208201700000000  000000000                      
0010001300001T 060257630000003330133 29076420000010271   1               00000000000000000009500001005436                         0900000000000010000000000000000000000000000000000000000   000000000000000000000000000        180432907642     
0010001300002U 060000000000000000000000000000000000000000000000000000000000000000000000095000000000000095000000000000000000000000000000002208201723082017            000000000000000                              000                           
0010001300003T 060257630000003330133 29076420000010277   1               00000000000000000009500104047410                         0900000000000010000000000000000000000000000000000000000   000000000000000000000000000        180432907642     
0010001300004U 060000000000000000000000000000000000000000000000000000000000000000000000095000000000000095000000000000000000000000000000002208201723082017            000000000000000                              000                           
0010001300005T 060257630000003330133 29076420000010280   1               00000000000000000009500104014640                         0900000000000010000000000000000000000000000000000000000   000000000000000000000000000        180432907642     
0010001300006U 060000000000000000000000000000000000000000000000000000000000000000000000095000000000000095000000000000000000000000000000002208201723082017            000000000000000                              000                           
0010001300007T 060257630000003330133 29076420000010299   1               00000000000000000009500104013120                         0900000000000010000000000000000000000000000000000000000   000000000000000000000000000        180432907642     
0010001300008U 060000000000000000000000000000000000000000000000000000000000000000000000095000000000000095000000000000000000000000000000002208201723082017            000000000000000                              000                           
0010001300009T 060257630000003330133 29076420000010306   1               00000000000000000009500104032520                         0900000000000010000000000000000000000000000000000000000   000000000000000000000000000        180432907642     
0010001300010U 060000000000000000000000000000000000000000000000000000000000000000000000095000000000000095000000000000000000000000000000002208201723082017            000000000000000                              000                           
0010001300011T 060257630000003330133 29076420000010312   1               00000000000000000009500237052460                         0900000000000010000000000000000000000000000000000000000   000000000000000000000000000        180432907642     
0010001300012U 060000000000000000000000000000000000000000000000000000000000000000000000095000000000000095000000000000000000000000000000002208201723082017            000000000000000                              000                           
0010001300013T 060257630000003330133 29076420000010319   1               00000000000000000009500104022280                         0900000000000010000000000000000000000000000000000000000   000000000000000000000000000        180432907642     
0010001300014U 060000000000000000000000000000000000000000000000000000000000000000000000095000000000000095000000000000000000000000000000002208201723082017            000000000000000                              000                           
0010001300015T 060257630000003330133 29076420000010320   1               00000000000000000009500001057991                         0900000000000010000000000000000000000000000000000000000   000000000000000000000000000        180432907642     
0010001300016U 060000000000000000000000000000000000000000000000000000000000000000000000095000000000000095000000000000000000000000000000002208201723082017            000000000000000                              000                           
0010001300017T 060257630000003330133 29076420000010321   1               00000000000000000009500001078107                         0900000000000010000000000000000000000000000000000000000   000000000000000000000000000        180432907642     
0010001300018U 060000000000000000000000000000000000000000000000000000000000000000000000095000000000000095000000000000000000000000000000002208201723082017            000000000000000                              000                           
0010001300019T 060257630000003330133 29076420000010323   1               00000000000000000009500104015680                         0900000000000010000000000000000000000000000000000000000   000000000000000000000000000        180432907642     
0010001300020U 060000000000000000000000000000000000000000000000000000000000000000000000095000000000000095000000000000000000000000000000002208201723082017            000000000000000                              000                           
0010001300021T 060257630000003330133 29076420000010324   1               00000000000000000009500001034975                         0900000000000010000000000000000000000000000000000000000   000000000000000000000000000        180432907642     
0010001300022U 060000000000000000000000000000000000000000000000000000000000000000000000095000000000000095000000000000000000000000000000002208201723082017            000000000000000                              000                           
0010001300023T 060257630000003330133 29076420000010326   1               00000000000000000009500001029165                         0900000000000010000000000000000000000000000000000000000   000000000000000000000000000        180432907642     
0010001300024U 060000000000000000000000000000000000000000000000000000000000000000000000095000000000000095000000000000000000000000000000002208201723082017            000000000000000                              000                           
0010001300025T 060257630000003330133 29076420000010327   1               00000000000000000009500001000140                         0900000000000010000000000000000000000000000000000000000   000000000000000000000000000        180432907642     
0010001300026U 060000000000000000000000000000000000000000000000000000000000000000000000095000000000000095000000000000000000000000000000002208201723082017            000000000000000                              000                           
0010001300027T 060257630000003330133 29076420000010328   1               00000000000000000009500104022240                         0900000000000010000000000000000000000000000000000000000   000000000000000000000000000        180432907642     
0010001300028U 060000000000000000000000000000000000000000000000000000000000000000000000095000000000000095000000000000000000000000000000002208201723082017            000000000000000                              000                           
0010001300029T 060257630000003330133 29076420000010331   1               00000000000000000009500104014640                         0900000000000010000000000000000000000000000000000000000   000000000000000000000000000        180432907642     
0010001300030U 060000000000000000000000000000000000000000000000000000000000000000000000095000000000000095000000000000000000000000000000002208201723082017            000000000000000                              000                           
0010001300031T 060257630000003330133 29076420000010333   1               00000000000000000009500104014640                         0900000000000010000000000000000000000000000000000000000   000000000000000000000000000        180432907642     
0010001300032U 060000000000000000000000000000000000000000000000000000000000000000000000095000000000000095000000000000000000000000000000002208201723082017            000000000000000                              000                           
0010001300033T 060257630000003330133 29076420000010334   1               00000000000000000009500001086282                         0900000000000010000000000000000000000000000000000000000   000000000000000000000000000        180432907642     
0010001300034U 060000000000000000000000000000000000000000000000000000000000000000000000095000000000000095000000000000000000000000000000002208201723082017            000000000000000                              000                           
0010001300035T 060257630000003330133 29076420000010336   1               00000000000000000009500001078107                         0900000000000010000000000000000000000000000000000000000   000000000000000000000000000        180432907642     
0010001300036U 060000000000000000000000000000000000000000000000000000000000000000000000095000000000000095000000000000000000000000000000002208201723082017            000000000000000                              000                           
0010001300037T 060257630000003330133 29076420000010338   1               00000000000000000009500001086282                         0900000000000010000000000000000000000000000000000000000   000000000000000000000000000        180432907642     
0010001300038U 060000000000000000000000000000000000000000000000000000000000000000000000095000000000000095000000000000000000000000000000002208201723082017            000000000000000                              000                           
0010001300039T 060257630000003330133 29076420000010339   1               00000000000000000009500001000485                         0900000000000010000000000000000000000000000000000000000   000000000000000000000000000        180432907642     
0010001300040U 060000000000000000000000000000000000000000000000000000000000000000000000095000000000000095000000000000000000000000000000002208201723082017            000000000000000                              000                           
0010001300041T 060257630000003330133 29076420000010342   1               00000000000000000009500033045180                         0900000000000010000000000000000000000000000000000000000   000000000000000000000000000        180432907642     
0010001300042U 060000000000000000000000000000000000000000000000000000000000000000000000095000000000000095000000000000000000000000000000002208201723082017            000000000000000                              000                           
0010001300043T 060257630000003330133 29076420000010345   1               00000000000000000009500001078107                         0900000000000010000000000000000000000000000000000000000   000000000000000000000000000        180432907642     
0010001300044U 060000000000000000000000000000000000000000000000000000000000000000000000095000000000000095000000000000000000000000000000002208201723082017            000000000000000                              000                           
0010001300045T 060257630000003330133 29076420000010347   1               00000000000000000009500001078107                         0900000000000010000000000000000000000000000000000000000   000000000000000000000000000        180432907642     
0010001300046U 060000000000000000000000000000000000000000000000000000000000000000000000095000000000000095000000000000000000000000000000002208201723082017            000000000000000                              000                           
0010001300047T 060257630000003330133 29076420000010349   1               00000000000000000009500104034550                         0900000000000010000000000000000000000000000000000000000   000000000000000000000000000        180432907642     
0010001300048U 060000000000000000000000000000000000000000000000000000000000000000000000095000000000000095000000000000000000000000000000002208201723082017            000000000000000                              000                           
0010001300049T 060257630000003330133 29076420000010351   1               00000000000000000009500104008570                         0900000000000010000000000000000000000000000000000000000   000000000000000000000000000        180432907642     
0010001300050U 060000000000000000000000000000000000000000000000000000000000000000000000095000000000000095000000000000000000000000000000002208201723082017            000000000000000                              000                           
00100015         000052000000000000000000000000000000000000000000000000000000000000000000000000000000000000000000000000000000000000000000000000000                                                                                              
00199999         000001000054000000                                                                                                                                                            00000000000000000000000000000                    
