00100000         2095490960002050029076420014       0257630000003330133 COLEGIO MILITAR DE CAMPO GRANDBANCO DO BRASIL                         21608201701402200029303000000211539996PROCESSAMEN                                                 
00100011T0100020 20095490960002050029076420014       0257630000003330133 COLEGIO MILITAR DE CAMPO GRAND                                                                                000000001608201700000000  000000000                      
0010001300001T 060257630000003330133 29076420000010042   1               0000000000000000000950000102936X                         0900000000000010000000000000000000000000000000000000000   000000000000000000000000000        180432907642     
0010001300002U 060000000000000000000000000000000000000000000000000000000000000000000000095000000000000095000000000000000000000000000000001608201717082017            000000000000000                              000                           
0010001300003T 060257630000003330133 29076420000010172   1               00000000000000000009500001000485                         0900000000000010000000000000000000000000000000000000000   000000000000000000000000000        180432907642     
0010001300004U 060000000000000000000000000000000000000000000000000000000000000000000000095000000000000095000000000000000000000000000000001608201717082017            000000000000000                              000                           
0010001300005T 060257630000003330133 29076420000010223   1               00000000000000000009500237028220                         0900000000000010000000000000000000000000000000000000000   000000000000000000000000000        180432907642     
0010001300006U 060000000000000000000000000000000000000000000000000000000000000000000000095000000000000095000000000000000000000000000000001608201717082017            000000000000000                              000                           
0010001300007T 060257630000003330133 29076420000010229   1               00000000000000000009500237023710                         0900000000000010000000000000000000000000000000000000000   000000000000000000000000000        180432907642     
0010001300008U 060000000000000000000000000000000000000000000000000000000000000000000000095000000000000095000000000000000000000000000000001608201717082017            000000000000000                              000                           
0010001300009T 060257630000003330133 29076420000010230   1               00000000000000000009500237013870                         0900000000000010000000000000000000000000000000000000000   000000000000000000000000000        180432907642     
0010001300010U 060000000000000000000000000000000000000000000000000000000000000000000000095000000000000095000000000000000000000000000000001608201717082017            000000000000000                              000                           
0010001300011T 060257630000003330133 29076420000010231   1               00000000000000000009500001044474                         0900000000000010000000000000000000000000000000000000000   000000000000000000000000000        180432907642     
0010001300012U 060000000000000000000000000000000000000000000000000000000000000000000000095000000000000095000000000000000000000000000000001608201717082017            000000000000000                              000                           
0010001300013T 060257630000003330133 29076420000010232   1               00000000000000000009500001000485                         0900000000000010000000000000000000000000000000000000000   000000000000000000000000000        180432907642     
0010001300014U 060000000000000000000000000000000000000000000000000000000000000000000000095000000000000095000000000000000000000000000000001608201717082017            000000000000000                              000                           
0010001300015T 060257630000003330133 29076420000010234   1               00000000000000000009500001034967                         0900000000000010000000000000000000000000000000000000000   000000000000000000000000000        180432907642     
0010001300016U 060000000000000000000000000000000000000000000000000000000000000000000000095000000000000095000000000000000000000000000000001608201717082017            000000000000000                              000                           
0010001300017T 060257630000003330133 29076420000010235   1               00000000000000000009500001044474                         0900000000000010000000000000000000000000000000000000000   000000000000000000000000000        180432907642     
0010001300018U 060000000000000000000000000000000000000000000000000000000000000000000000095000000000000095000000000000000000000000000000001608201717082017            000000000000000                              000                           
0010001300019T 060257630000003330133 29076420000010237   1               00000000000000000009500104011080                         0900000000000010000000000000000000000000000000000000000   000000000000000000000000000        180432907642     
0010001300020U 060000000000000000000000000000000000000000000000000000000000000000000000095000000000000095000000000000000000000000000000001608201717082017            000000000000000                              000                           
0010001300021T 060257630000003330133 29076420000010238   1               00000000000000000009500001000787                         0900000000000010000000000000000000000000000000000000000   000000000000000000000000000        180432907642     
0010001300022U 060000000000000000000000000000000000000000000000000000000000000000000000095000000000000095000000000000000000000000000000001608201717082017            000000000000000                              000                           
0010001300023T 060257630000003330133 29076420000010242   1               00000000000000000009500104014640                         0900000000000010000000000000000000000000000000000000000   000000000000000000000000000        180432907642     
0010001300024U 060000000000000000000000000000000000000000000000000000000000000000000000095000000000000095000000000000000000000000000000001608201717082017            000000000000000                              000                           
0010001300025T 060257630000003330133 29076420000010243   1               00000000000000000009500001034975                         0900000000000010000000000000000000000000000000000000000   000000000000000000000000000        180432907642     
0010001300026U 060000000000000000000000000000000000000000000000000000000000000000000000095000000000000095000000000000000000000000000000001608201717082017            000000000000000                              000                           
0010001300027T 060257630000003330133 29076420000010245   1               00000000000000000009500001000485                         0900000000000010000000000000000000000000000000000000000   000000000000000000000000000        180432907642     
0010001300028U 060000000000000000000000000000000000000000000000000000000000000000000000095000000000000095000000000000000000000000000000001608201717082017            000000000000000                              000                           
0010001300029T 060257630000003330133 29076420000010247   1               00000000000000000009500001057991                         0900000000000010000000000000000000000000000000000000000   000000000000000000000000000        180432907642     
0010001300030U 060000000000000000000000000000000000000000000000000000000000000000000000095000000000000095000000000000000000000000000000001608201717082017            000000000000000                              000                           
0010001300031T 060257630000003330133 29076420000010250   1               00000000000000000009500001018813                         0900000000000010000000000000000000000000000000000000000   000000000000000000000000000        180432907642     
0010001300032U 060000000000000000000000000000000000000000000000000000000000000000000000095000000000000095000000000000000000000000000000001608201717082017            000000000000000                              000                           
0010001300033T 060257630000003330133 29076420000010251   1               00000000000000000009500104019790                         0900000000000010000000000000000000000000000000000000000   000000000000000000000000000        180432907642     
0010001300034U 060000000000000000000000000000000000000000000000000000000000000000000000095000000000000095000000000000000000000000000000001608201717082017            000000000000000                              000                           
00100015         000036000000000000000000000000000000000000000000000000000000000000000000000000000000000000000000000000000000000000000000000000000                                                                                              
00199999         000001000038000000                                                                                                                                                            00000000000000000000000000000                    
