00100000         2095490960002050029076420014       0257630000003330133 COLEGIO MILITAR DE CAMPO GRANDBANCO DO BRASIL                         22707201701353300027903000000211539996PROCESSAMEN                                                 
00100011T0100020 20095490960002050029076420014       0257630000003330133 COLEGIO MILITAR DE CAMPO GRAND                                                                                000000002707201700000000  000000000                      
0010001300001T 060257630000003330133 29076420000010055   1               00000000000000000009500237015350                         0900000000000010000000000000000000000000000000000000000   000000000000000000000000000        180432907642     
0010001300002U 060000000000000000000000000000000000000000000000000000000000000000000000095000000000000095000000000000000000000000000000002707201728072017            000000000000000                              000                           
0010001300003T 060257630000003330133 29076420000010056   1               00000000000000000009500001029165                         0900000000000010000000000000000000000000000000000000000   000000000000000000000000000        180432907642     
0010001300004U 060000000000000000000000000000000000000000000000000000000000000000000000095000000000000095000000000000000000000000000000002707201728072017            000000000000000                              000                           
0010001300005T 060257630000003330133 29076420000010057   1               00000000000000000009500001078107                         0900000000000010000000000000000000000000000000000000000   000000000000000000000000000        180432907642     
0010001300006U 060000000000000000000000000000000000000000000000000000000000000000000000095000000000000095000000000000000000000000000000002707201728072017            000000000000000                              000                           
0010001300007T 060257630000003330133 29076420000010058   1               00000000000000000009500001071145                         0900000000000010000000000000000000000000000000000000000   000000000000000000000000000        180432907642     
0010001300008U 060000000000000000000000000000000000000000000000000000000000000000000000095000000000000095000000000000000000000000000000002707201728072017            000000000000000                              000                           
0010001300009T 060257630000003330133 29076420000010060   1               00000000000000000009500341064920                         0900000000000010000000000000000000000000000000000000000   000000000000000000000000000        180432907642     
0010001300010U 060000000000000000000000000000000000000000000000000000000000000000000000095000000000000095000000000000000000000000000000002707201728072017            000000000000000                              000                           
0010001300011T 060257630000003330133 29076420000010061   1               00000000000000000009500104047410                         0900000000000010000000000000000000000000000000000000000   000000000000000000000000000        180432907642     
0010001300012U 060000000000000000000000000000000000000000000000000000000000000000000000095000000000000095000000000000000000000000000000002707201728072017            000000000000000                              000                           
0010001300013T 060257630000003330133 29076420000010062   1               00000000000000000009500001019976                         0900000000000010000000000000000000000000000000000000000   000000000000000000000000000        180432907642     
0010001300014U 060000000000000000000000000000000000000000000000000000000000000000000000095000000000000095000000000000000000000000000000002707201728072017            000000000000000                              000                           
0010001300015T 060257630000003330133 29076420000010063   1               00000000000000000009500001078107                         0900000000000010000000000000000000000000000000000000000   000000000000000000000000000        180432907642     
0010001300016U 060000000000000000000000000000000000000000000000000000000000000000000000095000000000000095000000000000000000000000000000002707201728072017            000000000000000                              000                           
0010001300017T 060257630000003330133 29076420000010066   1               00000000000000000009500001029599                         0900000000000010000000000000000000000000000000000000000   000000000000000000000000000        180432907642     
0010001300018U 060000000000000000000000000000000000000000000000000000000000000000000000095000000000000095000000000000000000000000000000002707201728072017            000000000000000                              000                           
00100015         000020000000000000000000000000000000000000000000000000000000000000000000000000000000000000000000000000000000000000000000000000000                                                                                              
00199999         000001000022000000                                                                                                                                                            00000000000000000000000000000                    
