00100000         2095490960002050029076420014       0257630000003330133 COLEGIO MILITAR DE CAMPO GRANDBANCO DO BRASIL                         22507201701073300027703000000211539996PROCESSAMEN                                                 
00100011T0100020 20095490960002050029076420014       0257630000003330133 COLEGIO MILITAR DE CAMPO GRAND                                                                                000000002507201700000000  000000000                      
0010001300001T 060257630000003330133 29076420000010035   1               00000000000000000009500001034975                         0900000000000010000000000000000000000000000000000000000   000000000000000000000000000        180432907642     
0010001300002U 060000000000000000000000000000000000000000000000000000000000000000000000095000000000000095000000000000000000000000000000002507201726072017            000000000000000                              000                           
0010001300003T 060257630000003330133 29076420000010037   1               00000000000000000009500001078107                         0900000000000010000000000000000000000000000000000000000   000000000000000000000000000        180432907642     
0010001300004U 060000000000000000000000000000000000000000000000000000000000000000000000095000000000000095000000000000000000000000000000002507201726072017            000000000000000                              000                           
0010001300005T 060257630000003330133 29076420000010038   1               00000000000000000009500104008570                         0900000000000010000000000000000000000000000000000000000   000000000000000000000000000        180432907642     
0010001300006U 060000000000000000000000000000000000000000000000000000000000000000000000095000000000000095000000000000000000000000000000002507201726072017            000000000000000                              000                           
0010001300007T 060257630000003330133 29076420000010040   1               00000000000000000009500001035890                         0900000000000010000000000000000000000000000000000000000   000000000000000000000000000        180432907642     
0010001300008U 060000000000000000000000000000000000000000000000000000000000000000000000095000000000000095000000000000000000000000000000002507201726072017            000000000000000                              000                           
0010001300009T 060257630000003330133 29076420000010043   1               00000000000000000009500001071145                         0900000000000010000000000000000000000000000000000000000   000000000000000000000000000        180432907642     
0010001300010U 060000000000000000000000000000000000000000000000000000000000000000000000095000000000000095000000000000000000000000000000002507201726072017            000000000000000                              000                           
00100015         000012000000000000000000000000000000000000000000000000000000000000000000000000000000000000000000000000000000000000000000000000000                                                                                              
00199999         000001000014000000                                                                                                                                                            00000000000000000000000000000                    
