00100000         2095490960002050029076420014       0257630000003330133 COLEGIO MILITAR DE CAMPO GRANDBANCO DO BRASIL                         20708201702465200028603000000211539996PROCESSAMEN                                                 
00100011T0100020 20095490960002050029076420014       0257630000003330133 COLEGIO MILITAR DE CAMPO GRAND                                                                                000000000708201700000000  000000000                      
0010001300001T 060257630000003330133 29076420000010096   1               00000000000000000009500341081090                         0900000000000010000000000000000000000000000000000000000   000000000000000000000000000        180432907642     
0010001300002U 060000000000000000000000000000000000000000000000000000000000000000000000095000000000000095000000000000000000000000000000000708201708082017            000000000000000                              000                           
0010001300003T 060257630000003330133 29076420000010111   1               00000000000000000009500001078107                         0900000000000010000000000000000000000000000000000000000   000000000000000000000000000        180432907642     
0010001300004U 060000000000000000000000000000000000000000000000000000000000000000000000095000000000000095000000000000000000000000000000000708201708082017            000000000000000                              000                           
0010001300005T 060257630000003330133 29076420000010123   1               00000000000000000009500001033030                         0900000000000010000000000000000000000000000000000000000   000000000000000000000000000        180432907642     
0010001300006U 060000000000000000000000000000000000000000000000000000000000000000000000095000000000000095000000000000000000000000000000000708201708082017            000000000000000                              000                           
0010001300007T 060257630000003330133 29076420000010125   1               00000000000000000009500001033030                         0900000000000010000000000000000000000000000000000000000   000000000000000000000000000        180432907642     
0010001300008U 060000000000000000000000000000000000000000000000000000000000000000000000095000000000000095000000000000000000000000000000000708201708082017            000000000000000                              000                           
0010001300009T 060257630000003330133 29076420000010131   1               00000000000000000009500001044210                         0900000000000010000000000000000000000000000000000000000   000000000000000000000000000        180432907642     
0010001300010U 060000000000000000000000000000000000000000000000000000000000000000000000095000000000000095000000000000000000000000000000000708201708082017            000000000000000                              000                           
0010001300011T 060257630000003330133 29076420000010133   1               00000000000000000009500001034975                         0900000000000010000000000000000000000000000000000000000   000000000000000000000000000        180432907642     
0010001300012U 060000000000000000000000000000000000000000000000000000000000000000000000095000000000000095000000000000000000000000000000000708201708082017            000000000000000                              000                           
0010001300013T 060257630000003330133 29076420000010135   1               00000000000000000009500001034975                         0900000000000010000000000000000000000000000000000000000   000000000000000000000000000        180432907642     
0010001300014U 060000000000000000000000000000000000000000000000000000000000000000000000095000000000000095000000000000000000000000000000000708201708082017            000000000000000                              000                           
0010001300015T 060257630000003330133 29076420000010136   1               00000000000000000009500001000485                         0900000000000010000000000000000000000000000000000000000   000000000000000000000000000        180432907642     
0010001300016U 060000000000000000000000000000000000000000000000000000000000000000000000095000000000000095000000000000000000000000000000000708201708082017            000000000000000                              000                           
0010001300017T 060257630000003330133 29076420000010145   1               00000000000000000009500001042110                         0900000000000010000000000000000000000000000000000000000   000000000000000000000000000        180432907642     
0010001300018U 060000000000000000000000000000000000000000000000000000000000000000000000095000000000000095000000000000000000000000000000000708201708082017            000000000000000                              000                           
0010001300019T 060257630000003330133 29076420000010148   1               00000000000000000009500104015680                         0900000000000010000000000000000000000000000000000000000   000000000000000000000000000        180432907642     
0010001300020U 060000000000000000000000000000000000000000000000000000000000000000000000095000000000000095000000000000000000000000000000000708201708082017            000000000000000                              000                           
00100015         000022000000000000000000000000000000000000000000000000000000000000000000000000000000000000000000000000000000000000000000000000000                                                                                              
00199999         000001000024000000                                                                                                                                                            00000000000000000000000000000                    
