00100000         2095490960002050029076420014       0257630000003330133 COLEGIO MILITAR DE CAMPO GRANDBANCO DO BRASIL                         22408201701084800029903000000211539996PROCESSAMEN                                                 
00100011T0100020 20095490960002050029076420014       0257630000003330133 COLEGIO MILITAR DE CAMPO GRAND                                                                                000000002408201700000000  000000000                      
0010001300001T 060257630000003330133 29076420000010050   1               00000000000000000009500104022280                         0900000000000010000000000000000000000000000000000000000   000000000000000000000000000        180432907642     
0010001300002U 060000000000000000000000000000000000000000000000000000000000000000000000095000000000000095000000000000000000000000000000002408201725082017            000000000000000                              000                           
0010001300003T 060257630000003330133 29076420000010288   1               00000000000000000009500104011080                         0900000000000010000000000000000000000000000000000000000   000000000000000000000000000        180432907642     
0010001300004U 060000000000000000000000000000000000000000000000000000000000000000000000095000000000000095000000000000000000000000000000002408201725082017            000000000000000                              000                           
0010001300005T 060257630000003330133 29076420000010289   1               00000000000000000009500104011080                         0900000000000010000000000000000000000000000000000000000   000000000000000000000000000        180432907642     
0010001300006U 060000000000000000000000000000000000000000000000000000000000000000000000095000000000000095000000000000000000000000000000002408201725082017            000000000000000                              000                           
0010001300007T 060257630000003330133 29076420000010329   1               00000000000000000009500104015680                         0900000000000010000000000000000000000000000000000000000   000000000000000000000000000        180432907642     
0010001300008U 060000000000000000000000000000000000000000000000000000000000000000000000095000000000000095000000000000000000000000000000002408201725082017            000000000000000                              000                           
0010001300009T 060257630000003330133 29076420000010348   1               00000000000000000009500001029165                         0900000000000010000000000000000000000000000000000000000   000000000000000000000000000        180432907642     
0010001300010U 060000000000000000000000000000000000000000000000000000000000000000000000095000000000000095000000000000000000000000000000002408201725082017            000000000000000                              000                           
0010001300011T 060257630000003330133 29076420000010350   1               00000000000000000009500104015680                         0900000000000010000000000000000000000000000000000000000   000000000000000000000000000        180432907642     
0010001300012U 060000000000000000000000000000000000000000000000000000000000000000000000095000000000000095000000000000000000000000000000002408201725082017            000000000000000                              000                           
0010001300013T 060257630000003330133 29076420000010355   1               00000000000000000009500104047410                         0900000000000010000000000000000000000000000000000000000   000000000000000000000000000        180432907642     
0010001300014U 060000000000000000000000000000000000000000000000000000000000000000000000095000000000000095000000000000000000000000000000002408201725082017            000000000000000                              000                           
0010001300015T 060257630000003330133 29076420000010360   1               00000000000000000009500341039370                         0900000000000010000000000000000000000000000000000000000   000000000000000000000000000        180432907642     
0010001300016U 060000000000000000000000000000000000000000000000000000000000000000000000095000000000000095000000000000000000000000000000002408201725082017            000000000000000                              000                           
0010001300017T 060257630000003330133 29076420000010361   1               00000000000000000009500341039370                         0900000000000010000000000000000000000000000000000000000   000000000000000000000000000        180432907642     
0010001300018U 060000000000000000000000000000000000000000000000000000000000000000000000095000000000000095000000000000000000000000000000002408201725082017            000000000000000                              000                           
0010001300019T 060257630000003330133 29076420000010376   1               00000000000000000009500104014640                         0900000000000010000000000000000000000000000000000000000   000000000000000000000000000        180432907642     
0010001300020U 060000000000000000000000000000000000000000000000000000000000000000000000095000000000000095000000000000000000000000000000002408201725082017            000000000000000                              000                           
0010001300021T 060257630000003330133 29076420000010377   1               00000000000000000009500104047410                         0900000000000010000000000000000000000000000000000000000   000000000000000000000000000        180432907642     
0010001300022U 060000000000000000000000000000000000000000000000000000000000000000000000095000000000000095000000000000000000000000000000002408201725082017            000000000000000                              000                           
0010001300023T 060257630000003330133 29076420000010386   1               00000000000000000009500001078107                         0900000000000010000000000000000000000000000000000000000   000000000000000000000000000        180432907642     
0010001300024U 060000000000000000000000000000000000000000000000000000000000000000000000095000000000000095000000000000000000000000000000002408201725082017            000000000000000                              000                           
0010001300025T 060257630000003330133 29076420000010387   1               00000000000000000009500104047410                         0900000000000010000000000000000000000000000000000000000   000000000000000000000000000        180432907642     
0010001300026U 060000000000000000000000000000000000000000000000000000000000000000000000095000000000000095000000000000000000000000000000002408201725082017            000000000000000                              000                           
0010001300027T 060257630000003330133 29076420000010388   1               00000000000000000009500001000485                         0900000000000010000000000000000000000000000000000000000   000000000000000000000000000        180432907642     
0010001300028U 060000000000000000000000000000000000000000000000000000000000000000000000095000000000000095000000000000000000000000000000002408201725082017            000000000000000                              000                           
0010001300029T 060257630000003330133 29076420000010390   1               00000000000000000009500104015680                         0900000000000010000000000000000000000000000000000000000   000000000000000000000000000        180432907642     
0010001300030U 060000000000000000000000000000000000000000000000000000000000000000000000095000000000000095000000000000000000000000000000002408201725082017            000000000000000                              000                           
0010001300031T 060257630000003330133 29076420000010391   1               00000000000000000009500001086282                         0900000000000010000000000000000000000000000000000000000   000000000000000000000000000        180432907642     
0010001300032U 060000000000000000000000000000000000000000000000000000000000000000000000095000000000000095000000000000000000000000000000002408201725082017            000000000000000                              000                           
0010001300033T 060257630000003330133 29076420000010392   1               00000000000000000009500104024850                         0900000000000010000000000000000000000000000000000000000   000000000000000000000000000        180432907642     
0010001300034U 060000000000000000000000000000000000000000000000000000000000000000000000095000000000000095000000000000000000000000000000002408201725082017            000000000000000                              000                           
0010001300035T 060257630000003330133 29076420000010393   1               00000000000000000009500001034975                         0900000000000010000000000000000000000000000000000000000   000000000000000000000000000        180432907642     
0010001300036U 060000000000000000000000000000000000000000000000000000000000000000000000095000000000000095000000000000000000000000000000002408201725082017            000000000000000                              000                           
0010001300037T 060257630000003330133 29076420000010394   1               00000000000000000009500001046736                         0900000000000010000000000000000000000000000000000000000   000000000000000000000000000        180432907642     
0010001300038U 060000000000000000000000000000000000000000000000000000000000000000000000095000000000000095000000000000000000000000000000002408201725082017            000000000000000                              000                           
0010001300039T 060257630000003330133 29076420000010395   1               00000000000000000009500001034975                         0900000000000010000000000000000000000000000000000000000   000000000000000000000000000        180432907642     
0010001300040U 060000000000000000000000000000000000000000000000000000000000000000000000095000000000000095000000000000000000000000000000002408201725082017            000000000000000                              000                           
0010001300041T 060257630000003330133 29076420000010398   1               00000000000000000009500001078107                         0900000000000010000000000000000000000000000000000000000   000000000000000000000000000        180432907642     
0010001300042U 060000000000000000000000000000000000000000000000000000000000000000000000095000000000000095000000000000000000000000000000002408201725082017            000000000000000                              000                           
0010001300043T 060257630000003330133 29076420000010399   1               00000000000000000009500001078107                         0900000000000010000000000000000000000000000000000000000   000000000000000000000000000        180432907642     
0010001300044U 060000000000000000000000000000000000000000000000000000000000000000000000095000000000000095000000000000000000000000000000002408201725082017            000000000000000                              000                           
0010001300045T 060257630000003330133 29076420000010401   1               00000000000000000009500104015680                         0900000000000010000000000000000000000000000000000000000   000000000000000000000000000        180432907642     
0010001300046U 060000000000000000000000000000000000000000000000000000000000000000000000095000000000000095000000000000000000000000000000002408201725082017            000000000000000                              000                           
0010001300047T 060257630000003330133 29076420000010402   1               00000000000000000009500001000485                         0900000000000010000000000000000000000000000000000000000   000000000000000000000000000        180432907642     
0010001300048U 060000000000000000000000000000000000000000000000000000000000000000000000095000000000000095000000000000000000000000000000002408201725082017            000000000000000                              000                           
0010001300049T 060257630000003330133 29076420000010403   1               00000000000000000009500001000485                         0900000000000010000000000000000000000000000000000000000   000000000000000000000000000        180432907642     
0010001300050U 060000000000000000000000000000000000000000000000000000000000000000000000095000000000000095000000000000000000000000000000002408201725082017            000000000000000                              000                           
0010001300051T 060257630000003330133 29076420000010406   1               0000000000000000000950000102936X                         0900000000000010000000000000000000000000000000000000000   000000000000000000000000000        180432907642     
0010001300052U 060000000000000000000000000000000000000000000000000000000000000000000000095000000000000095000000000000000000000000000000002408201725082017            000000000000000                              000                           
0010001300053T 060257630000003330133 29076420000010407   1               00000000000000000009500001078107                         0900000000000010000000000000000000000000000000000000000   000000000000000000000000000        180432907642     
0010001300054U 060000000000000000000000000000000000000000000000000000000000000000000000095000000000000095000000000000000000000000000000002408201725082017            000000000000000                              000                           
0010001300055T 060257630000003330133 29076420000010408   1               00000000000000000009500001071145                         0900000000000010000000000000000000000000000000000000000   000000000000000000000000000        180432907642     
0010001300056U 060000000000000000000000000000000000000000000000000000000000000000000000095000000000000095000000000000000000000000000000002408201725082017            000000000000000                              000                           
0010001300057T 060257630000003330133 29076420000010409   1               00000000000000000009500001029599                         0900000000000010000000000000000000000000000000000000000   000000000000000000000000000        180432907642     
0010001300058U 060000000000000000000000000000000000000000000000000000000000000000000000095000000000000095000000000000000000000000000000002408201725082017            000000000000000                              000                           
0010001300059T 060257630000003330133 29076420000010410   1               00000000000000000009500422000430                         0900000000000010000000000000000000000000000000000000000   000000000000000000000000000        180432907642     
0010001300060U 060000000000000000000000000000000000000000000000000000000000000000000000095000000000000095000000000000000000000000000000002408201725082017            000000000000000                              000                           
0010001300061T 060257630000003330133 29076420000010413   1               00000000000000000009500237019020                         0900000000000010000000000000000000000000000000000000000   000000000000000000000000000        180432907642     
0010001300062U 060000000000000000000000000000000000000000000000000000000000000000000000095000000000000095000000000000000000000000000000002408201725082017            000000000000000                              000                           
0010001300063T 060257630000003330133 29076420000010414   1               00000000000000000009500001018732                         0900000000000010000000000000000000000000000000000000000   000000000000000000000000000        180432907642     
0010001300064U 060000000000000000000000000000000000000000000000000000000000000000000000095000000000000095000000000000000000000000000000002408201725082017            000000000000000                              000                           
0010001300065T 060257630000003330133 29076420000010417   1               00000000000000000009500237052470                         0900000000000010000000000000000000000000000000000000000   000000000000000000000000000        180432907642     
0010001300066U 060000000000000000000000000000000000000000000000000000000000000000000000095000000000000095000000000000000000000000000000002408201725082017            000000000000000                              000                           
0010001300067T 060257630000003330133 29076420000010419   1               00000000000000000009500001071145                         0900000000000010000000000000000000000000000000000000000   000000000000000000000000000        180432907642     
0010001300068U 060000000000000000000000000000000000000000000000000000000000000000000000095000000000000095000000000000000000000000000000002408201725082017            000000000000000                              000                           
0010001300069T 060257630000003330133 29076420000010421   1               00000000000000000009500001000485                         0900000000000010000000000000000000000000000000000000000   000000000000000000000000000        180432907642     
0010001300070U 060000000000000000000000000000000000000000000000000000000000000000000000095000000000000095000000000000000000000000000000002408201725082017            000000000000000                              000                           
00100015         000072000000000000000000000000000000000000000000000000000000000000000000000000000000000000000000000000000000000000000000000000000                                                                                              
00199999         000001000074000000                                                                                                                                                            00000000000000000000000000000                    
