00100000         2095490960002050029076420014       0257630000003330133 COLEGIO MILITAR DE CAMPO GRANDBANCO DO BRASIL                         20108201701332200028203000000211539996PROCESSAMEN                                                 
00100011T0100020 20095490960002050029076420014       0257630000003330133 COLEGIO MILITAR DE CAMPO GRAND                                                                                000000000108201700000000  000000000                      
0010001300001T 060257630000003330133 29076420000010031   1               00000000000000000009500104022240                         0900000000000010000000000000000000000000000000000000000   000000000000000000000000000        180432907642     
0010001300002U 060000000000000000000000000000000000000000000000000000000000000000000000095000000000000095000000000000000000000000000000000108201702082017            000000000000000                              000                           
0010001300003T 060257630000003330133 29076420000010059   1               00000000000000000009500104008570                         0900000000000010000000000000000000000000000000000000000   000000000000000000000000000        180432907642     
0010001300004U 060000000000000000000000000000000000000000000000000000000000000000000000095000000000000095000000000000000000000000000000000108201702082017            000000000000000                              000                           
0010001300005T 060257630000003330133 29076420000010076   1               00000000000000000009500104022240                         0900000000000010000000000000000000000000000000000000000   000000000000000000000000000        180432907642     
0010001300006U 060000000000000000000000000000000000000000000000000000000000000000000000095000000000000095000000000000000000000000000000000108201702082017            000000000000000                              000                           
0010001300007T 060257630000003330133 29076420000010079   1               00000000000000000009500104011080                         0900000000000010000000000000000000000000000000000000000   000000000000000000000000000        180432907642     
0010001300008U 060000000000000000000000000000000000000000000000000000000000000000000000095000000000000095000000000000000000000000000000000108201702082017            000000000000000                              000                           
0010001300009T 060257630000003330133 29076420000010082   1               00000000000000000009500104031440                         0900000000000010000000000000000000000000000000000000000   000000000000000000000000000        180432907642     
0010001300010U 060000000000000000000000000000000000000000000000000000000000000000000000095000000000000095000000000000000000000000000000000108201702082017            000000000000000                              000                           
0010001300011T 060257630000003330133 29076420000010083   1               00000000000000000009500001069930                         0900000000000010000000000000000000000000000000000000000   000000000000000000000000000        180432907642     
0010001300012U 060000000000000000000000000000000000000000000000000000000000000000000000095000000000000095000000000000000000000000000000000108201702082017            000000000000000                              000                           
0010001300013T 060257630000003330133 29076420000010092   1               00000000000000000009500001044210                         0900000000000010000000000000000000000000000000000000000   000000000000000000000000000        180432907642     
0010001300014U 060000000000000000000000000000000000000000000000000000000000000000000000095000000000000095000000000000000000000000000000000108201702082017            000000000000000                              000                           
0010001300015T 060257630000003330133 29076420000010093   1               00000000000000000009500001044474                         0900000000000010000000000000000000000000000000000000000   000000000000000000000000000        180432907642     
0010001300016U 060000000000000000000000000000000000000000000000000000000000000000000000095000000000000095000000000000000000000000000000000108201702082017            000000000000000                              000                           
0010001300017T 060257630000003330133 29076420000010095   1               00000000000000000009500001023590                         0900000000000010000000000000000000000000000000000000000   000000000000000000000000000        180432907642     
0010001300018U 060000000000000000000000000000000000000000000000000000000000000000000000095000000000000095000000000000000000000000000000000108201702082017            000000000000000                              000                           
0010001300019T 060257630000003330133 29076420000010098   1               00000000000000000009500104022280                         0900000000000010000000000000000000000000000000000000000   000000000000000000000000000        180432907642     
0010001300020U 060000000000000000000000000000000000000000000000000000000000000000000000095000000000000095000000000000000000000000000000000108201702082017            000000000000000                              000                           
0010001300021T 060257630000003330133 29076420000010099   1               00000000000000000009500104022280                         0900000000000010000000000000000000000000000000000000000   000000000000000000000000000        180432907642     
0010001300022U 060000000000000000000000000000000000000000000000000000000000000000000000095000000000000095000000000000000000000000000000000108201702082017            000000000000000                              000                           
00100015         000024000000000000000000000000000000000000000000000000000000000000000000000000000000000000000000000000000000000000000000000000000                                                                                              
00199999         000001000026000000                                                                                                                                                            00000000000000000000000000000                    
