00100000         2095490960002050029076420014       0257630000003330133 COLEGIO MILITAR DE CAMPO GRANDBANCO DO BRASIL                         22508201701090700030003000000211539996PROCESSAMEN                                                 
00100011T0100020 20095490960002050029076420014       0257630000003330133 COLEGIO MILITAR DE CAMPO GRAND                                                                                000000002508201700000000  000000000                      
0010001300001T 060257630000003330133 29076420000010253   1               00000000000000000009500104029520                         0900000000000010000000000000000000000000000000000000000   000000000000000000000000000        180432907642     
0010001300002U 060000000000000000000000000000000000000000000000000000000000000000000000095000000000000095000000000000000000000000000000002508201728082017            000000000000000                              000                           
0010001300003T 060257630000003330133 29076420000010282   1               00000000000000000009500341009390                         0900000000000010000000000000000000000000000000000000000   000000000000000000000000000        180432907642     
0010001300004U 060000000000000000000000000000000000000000000000000000000000000000000000095000000000000095000000000000000000000000000000002508201728082017            000000000000000                              000                           
0010001300005T 060257630000003330133 29076420000010337   1               00000000000000000009500033021400                         0900000000000010000000000000000000000000000000000000000   000000000000000000000000000        180432907642     
0010001300006U 060000000000000000000000000000000000000000000000000000000000000000000000095000000000000095000000000000000000000000000000002508201728082017            000000000000000                              000                           
0010001300007T 060257630000003330133 29076420000010357   1               00000000000000000009500001034975                         0900000000000010000000000000000000000000000000000000000   000000000000000000000000000        180432907642     
0010001300008U 060000000000000000000000000000000000000000000000000000000000000000000000095000000000000095000000000000000000000000000000002508201728082017            000000000000000                              000                           
0010001300009T 060257630000003330133 29076420000010363   1               00000000000000000009500104021120                         0900000000000010000000000000000000000000000000000000000   000000000000000000000000000        180432907642     
0010001300010U 060000000000000000000000000000000000000000000000000000000000000000000000095000000000000095000000000000000000000000000000002508201728082017            000000000000000                              000                           
0010001300011T 060257630000003330133 29076420000010385   1               00000000000000000009500001011479                         0900000000000010000000000000000000000000000000000000000   000000000000000000000000000        180432907642     
0010001300012U 060000000000000000000000000000000000000000000000000000000000000000000000095000000000000095000000000000000000000000000000002508201728082017            000000000000000                              000                           
0010001300013T 060257630000003330133 29076420000010396   1               00000000000000000009500001043362                         0900000000000010000000000000000000000000000000000000000   000000000000000000000000000        180432907642     
0010001300014U 060000000000000000000000000000000000000000000000000000000000000000000000095000000000000095000000000000000000000000000000002508201728082017            000000000000000                              000                           
0010001300015T 060257630000003330133 29076420000010404   1               00000000000000000009500033046650                         0900000000000010000000000000000000000000000000000000000   000000000000000000000000000        180432907642     
0010001300016U 060000000000000000000000000000000000000000000000000000000000000000000000095000000000000095000000000000000000000000000000002508201728082017            000000000000000                              000                           
0010001300017T 060257630000003330133 29076420000010412   1               00000000000000000009500748090270                         0900000000000010000000000000000000000000000000000000000   000000000000000000000000000        180432907642     
0010001300018U 060000000000000000000000000000000000000000000000000000000000000000000000095000000000000095000000000000000000000000000000002508201728082017            000000000000000                              000                           
0010001300019T 060257630000003330133 29076420000010422   1               00000000000000000009500237052470                         0900000000000010000000000000000000000000000000000000000   000000000000000000000000000        180432907642     
0010001300020U 060000000000000000000000000000000000000000000000000000000000000000000000095000000000000095000000000000000000000000000000002508201728082017            000000000000000                              000                           
0010001300021T 060257630000003330133 29076420000010423   1               00000000000000000009500001000485                         0900000000000010000000000000000000000000000000000000000   000000000000000000000000000        180432907642     
0010001300022U 060000000000000000000000000000000000000000000000000000000000000000000000095000000000000095000000000000000000000000000000002508201728082017            000000000000000                              000                           
0010001300023T 060257630000003330133 29076420000010425   1               00000000000000000009500001078107                         0900000000000010000000000000000000000000000000000000000   000000000000000000000000000        180432907642     
0010001300024U 060000000000000000000000000000000000000000000000000000000000000000000000095000000000000095000000000000000000000000000000002508201728082017            000000000000000                              000                           
0010001300025T 060257630000003330133 29076420000010426   1               00000000000000000009500001078107                         0900000000000010000000000000000000000000000000000000000   000000000000000000000000000        180432907642     
0010001300026U 060000000000000000000000000000000000000000000000000000000000000000000000095000000000000095000000000000000000000000000000002508201728082017            000000000000000                              000                           
00100015         000028000000000000000000000000000000000000000000000000000000000000000000000000000000000000000000000000000000000000000000000000000                                                                                              
00199999         000001000030000000                                                                                                                                                            00000000000000000000000000000                    
