00100000         2095490960002050029076420014       0257630000003330133 COLEGIO MILITAR DE CAMPO GRANDBANCO DO BRASIL                         20908201701552700028803000000211539996PROCESSAMEN                                                 
00100011T0100020 20095490960002050029076420014       0257630000003330133 COLEGIO MILITAR DE CAMPO GRAND                                                                                000000000908201700000000  000000000                      
0010001300001T 060257630000003330133 29076420000010086   1               00000000000000000009500104014640                         0900000000000010000000000000000000000000000000000000000   000000000000000000000000000        180432907642     
0010001300002U 060000000000000000000000000000000000000000000000000000000000000000000000095000000000000095000000000000000000000000000000000908201710082017            000000000000000                              000                           
0010001300003T 060257630000003330133 29076420000010088   1               00000000000000000009500001001759                         0900000000000010000000000000000000000000000000000000000   000000000000000000000000000        180432907642     
0010001300004U 060000000000000000000000000000000000000000000000000000000000000000000000095000000000000095000000000000000000000000000000000908201710082017            000000000000000                              000                           
0010001300005T 060257630000003330133 29076420000010089   1               00000000000000000009500104014640                         0900000000000010000000000000000000000000000000000000000   000000000000000000000000000        180432907642     
0010001300006U 060000000000000000000000000000000000000000000000000000000000000000000000095000000000000095000000000000000000000000000000000908201710082017            000000000000000                              000                           
0010001300007T 060257630000003330133 29076420000010090   1               00000000000000000009500104000170                         0900000000000010000000000000000000000000000000000000000   000000000000000000000000000        180432907642     
0010001300008U 060000000000000000000000000000000000000000000000000000000000000000000000095000000000000095000000000000000000000000000000000908201710082017            000000000000000                              000                           
0010001300009T 060257630000003330133 29076420000010118   1               00000000000000000009500001078107                         0900000000000010000000000000000000000000000000000000000   000000000000000000000000000        180432907642     
0010001300010U 060000000000000000000000000000000000000000000000000000000000000000000000095000000000000095000000000000000000000000000000000908201710082017            000000000000000                              000                           
0010001300011T 060257630000003330133 29076420000010134   1               00000000000000000009500104000170                         0900000000000010000000000000000000000000000000000000000   000000000000000000000000000        180432907642     
0010001300012U 060000000000000000000000000000000000000000000000000000000000000000000000095000000000000095000000000000000000000000000000000908201710082017            000000000000000                              000                           
0010001300013T 060257630000003330133 29076420000010151   1               00000000000000000009500001078107                         0900000000000010000000000000000000000000000000000000000   000000000000000000000000000        180432907642     
0010001300014U 060000000000000000000000000000000000000000000000000000000000000000000000095000000000000095000000000000000000000000000000000908201710082017            000000000000000                              000                           
0010001300015T 060257630000003330133 29076420000010152   1               00000000000000000009500001029165                         0900000000000010000000000000000000000000000000000000000   000000000000000000000000000        180432907642     
0010001300016U 060000000000000000000000000000000000000000000000000000000000000000000000095000000000000095000000000000000000000000000000000908201710082017            000000000000000                              000                           
0010001300017T 060257630000003330133 29076420000010159   1               00000000000000000009500104047410                         0900000000000010000000000000000000000000000000000000000   000000000000000000000000000        180432907642     
0010001300018U 060000000000000000000000000000000000000000000000000000000000000000000000095000000000000095000000000000000000000000000000000908201710082017            000000000000000                              000                           
0010001300019T 060257630000003330133 29076420000010161   1               00000000000000000009500104022280                         0900000000000010000000000000000000000000000000000000000   000000000000000000000000000        180432907642     
0010001300020U 060000000000000000000000000000000000000000000000000000000000000000000000095000000000000095000000000000000000000000000000000908201710082017            000000000000000                              000                           
0010001300021T 060257630000003330133 29076420000010162   1               00000000000000000009500104022280                         0900000000000010000000000000000000000000000000000000000   000000000000000000000000000        180432907642     
0010001300022U 060000000000000000000000000000000000000000000000000000000000000000000000095000000000000095000000000000000000000000000000000908201710082017            000000000000000                              000                           
0010001300023T 060257630000003330133 29076420000010163   1               00000000000000000009500001001236                         0900000000000010000000000000000000000000000000000000000   000000000000000000000000000        180432907642     
0010001300024U 060000000000000000000000000000000000000000000000000000000000000000000000095000000000000095000000000000000000000000000000000908201710082017            000000000000000                              000                           
0010001300025T 060257630000003330133 29076420000010164   1               00000000000000000009500001000485                         0900000000000010000000000000000000000000000000000000000   000000000000000000000000000        180432907642     
0010001300026U 060000000000000000000000000000000000000000000000000000000000000000000000095000000000000095000000000000000000000000000000000908201710082017            000000000000000                              000                           
0010001300027T 060257630000003330133 29076420000010165   1               00000000000000000009500237023710                         0900000000000010000000000000000000000000000000000000000   000000000000000000000000000        180432907642     
0010001300028U 060000000000000000000000000000000000000000000000000000000000000000000000095000000000000095000000000000000000000000000000000908201710082017            000000000000000                              000                           
0010001300029T 060257630000003330133 29076420000010166   1               00000000000000000009500237022010                         0900000000000010000000000000000000000000000000000000000   000000000000000000000000000        180432907642     
0010001300030U 060000000000000000000000000000000000000000000000000000000000000000000000095000000000000095000000000000000000000000000000000908201710082017            000000000000000                              000                           
0010001300031T 060257630000003330133 29076420000010168   1               00000000000000000009500104021120                         0900000000000010000000000000000000000000000000000000000   000000000000000000000000000        180432907642     
0010001300032U 060000000000000000000000000000000000000000000000000000000000000000000000095000000000000095000000000000000000000000000000000908201710082017            000000000000000                              000                           
00100015         000034000000000000000000000000000000000000000000000000000000000000000000000000000000000000000000000000000000000000000000000000000                                                                                              
00199999         000001000036000000                                                                                                                                                            00000000000000000000000000000                    
