00100000         2095490960002050029076420014       0257630000003330133 COLEGIO MILITAR DE CAMPO GRANDBANCO DO BRASIL                         22108201702342900029603000000211539996PROCESSAMEN                                                 
00100011T0100020 20095490960002050029076420014       0257630000003330133 COLEGIO MILITAR DE CAMPO GRAND                                                                                000000002108201700000000  000000000                      
0010001300001T 060257630000003330133 29076420000010114   1               00000000000000000009500001000485                         0900000000000010000000000000000000000000000000000000000   000000000000000000000000000        180432907642     
0010001300002U 060000000000000000000000000000000000000000000000000000000000000000000000095000000000000095000000000000000000000000000000002108201722082017            000000000000000                              000                           
0010001300003T 060257630000003330133 29076420000010209   1               00000000000000000009500033043170                         0900000000000010000000000000000000000000000000000000000   000000000000000000000000000        180432907642     
0010001300004U 060000000000000000000000000000000000000000000000000000000000000000000000095000000000000095000000000000000000000000000000002108201722082017            000000000000000                              000                           
0010001300005T 060257630000003330133 29076420000010239   1               00000000000000000009500104000170                         0900000000000010000000000000000000000000000000000000000   000000000000000000000000000        180432907642     
0010001300006U 060000000000000000000000000000000000000000000000000000000000000000000000095000000000000095000000000000000000000000000000002108201722082017            000000000000000                              000                           
0010001300007T 060257630000003330133 29076420000010261   1               00000000000000000009500001029165                         0900000000000010000000000000000000000000000000000000000   000000000000000000000000000        180432907642     
0010001300008U 060000000000000000000000000000000000000000000000000000000000000000000000095000000000000095000000000000000000000000000000002108201722082017            000000000000000                              000                           
0010001300009T 060257630000003330133 29076420000010264   1               00000000000000000009500104022240                         0900000000000010000000000000000000000000000000000000000   000000000000000000000000000        180432907642     
0010001300010U 060000000000000000000000000000000000000000000000000000000000000000000000095000000000000095000000000000000000000000000000002108201722082017            000000000000000                              000                           
0010001300011T 060257630000003330133 29076420000010273   1               00000000000000000009500001018813                         0900000000000010000000000000000000000000000000000000000   000000000000000000000000000        180432907642     
0010001300012U 060000000000000000000000000000000000000000000000000000000000000000000000095000000000000095000000000000000000000000000000002108201722082017            000000000000000                              000                           
0010001300013T 060257630000003330133 29076420000010284   1               00000000000000000009500104034550                         0900000000000010000000000000000000000000000000000000000   000000000000000000000000000        180432907642     
0010001300014U 060000000000000000000000000000000000000000000000000000000000000000000000095000000000000095000000000000000000000000000000002108201722082017            000000000000000                              000                           
0010001300015T 060257630000003330133 29076420000010285   1               00000000000000000009500104002580                         0900000000000010000000000000000000000000000000000000000   000000000000000000000000000        180432907642     
0010001300016U 060000000000000000000000000000000000000000000000000000000000000000000000095000000000000095000000000000000000000000000000002108201722082017            000000000000000                              000                           
0010001300017T 060257630000003330133 29076420000010286   1               00000000000000000009500104014640                         0900000000000010000000000000000000000000000000000000000   000000000000000000000000000        180432907642     
0010001300018U 060000000000000000000000000000000000000000000000000000000000000000000000095000000000000095000000000000000000000000000000002108201722082017            000000000000000                              000                           
0010001300019T 060257630000003330133 29076420000010287   1               00000000000000000009500033021400                         0900000000000010000000000000000000000000000000000000000   000000000000000000000000000        180432907642     
0010001300020U 060000000000000000000000000000000000000000000000000000000000000000000000095000000000000095000000000000000000000000000000002108201722082017            000000000000000                              000                           
0010001300021T 060257630000003330133 29076420000010290   1               00000000000000000009500001034975                         0900000000000010000000000000000000000000000000000000000   000000000000000000000000000        180432907642     
0010001300022U 060000000000000000000000000000000000000000000000000000000000000000000000095000000000000095000000000000000000000000000000002108201722082017            000000000000000                              000                           
0010001300023T 060257630000003330133 29076420000010291   1               00000000000000000009500104022240                         0900000000000010000000000000000000000000000000000000000   000000000000000000000000000        180432907642     
0010001300024U 060000000000000000000000000000000000000000000000000000000000000000000000095000000000000095000000000000000000000000000000002108201722082017            000000000000000                              000                           
0010001300025T 060257630000003330133 29076420000010292   1               00000000000000000009500001034975                         0900000000000010000000000000000000000000000000000000000   000000000000000000000000000        180432907642     
0010001300026U 060000000000000000000000000000000000000000000000000000000000000000000000095000000000000095000000000000000000000000000000002108201722082017            000000000000000                              000                           
0010001300027T 060257630000003330133 29076420000010293   1               00000000000000000009500001018813                         0900000000000010000000000000000000000000000000000000000   000000000000000000000000000        180432907642     
0010001300028U 060000000000000000000000000000000000000000000000000000000000000000000000095000000000000095000000000000000000000000000000002108201722082017            000000000000000                              000                           
0010001300029T 060257630000003330133 29076420000010295   1               00000000000000000009500001029513                         0900000000000010000000000000000000000000000000000000000   000000000000000000000000000        180432907642     
0010001300030U 060000000000000000000000000000000000000000000000000000000000000000000000095000000000000095000000000000000000000000000000002108201722082017            000000000000000                              000                           
0010001300031T 060257630000003330133 29076420000010296   1               00000000000000000009500001044474                         0900000000000010000000000000000000000000000000000000000   000000000000000000000000000        180432907642     
0010001300032U 060000000000000000000000000000000000000000000000000000000000000000000000095000000000000095000000000000000000000000000000002108201722082017            000000000000000                              000                           
0010001300033T 060257630000003330133 29076420000010297   1               00000000000000000009500001000485                         0900000000000010000000000000000000000000000000000000000   000000000000000000000000000        180432907642     
0010001300034U 060000000000000000000000000000000000000000000000000000000000000000000000095000000000000095000000000000000000000000000000002108201722082017            000000000000000                              000                           
0010001300035T 060257630000003330133 29076420000010298   1               00000000000000000009500001078107                         0900000000000010000000000000000000000000000000000000000   000000000000000000000000000        180432907642     
0010001300036U 060000000000000000000000000000000000000000000000000000000000000000000000095000000000000095000000000000000000000000000000002108201722082017            000000000000000                              000                           
0010001300037T 060257630000003330133 29076420000010301   1               00000000000000000009500104032520                         0900000000000010000000000000000000000000000000000000000   000000000000000000000000000        180432907642     
0010001300038U 060000000000000000000000000000000000000000000000000000000000000000000000095000000000000095000000000000000000000000000000002108201722082017            000000000000000                              000                           
0010001300039T 060257630000003330133 29076420000010302   1               00000000000000000009500237023710                         0900000000000010000000000000000000000000000000000000000   000000000000000000000000000        180432907642     
0010001300040U 060000000000000000000000000000000000000000000000000000000000000000000000095000000000000095000000000000000000000000000000002108201722082017            000000000000000                              000                           
0010001300041T 060257630000003330133 29076420000010305   1               00000000000000000009500104034550                         0900000000000010000000000000000000000000000000000000000   000000000000000000000000000        180432907642     
0010001300042U 060000000000000000000000000000000000000000000000000000000000000000000000095000000000000095000000000000000000000000000000002108201722082017            000000000000000                              000                           
0010001300043T 060257630000003330133 29076420000010307   1               00000000000000000009500001078107                         0900000000000010000000000000000000000000000000000000000   000000000000000000000000000        180432907642     
0010001300044U 060000000000000000000000000000000000000000000000000000000000000000000000095000000000000095000000000000000000000000000000002108201722082017            000000000000000                              000                           
0010001300045T 060257630000003330133 29076420000010308   1               00000000000000000009500001000485                         0900000000000010000000000000000000000000000000000000000   000000000000000000000000000        180432907642     
0010001300046U 060000000000000000000000000000000000000000000000000000000000000000000000095000000000000095000000000000000000000000000000002108201722082017            000000000000000                              000                           
0010001300047T 060257630000003330133 29076420000010310   1               00000000000000000009500001078107                         0900000000000010000000000000000000000000000000000000000   000000000000000000000000000        180432907642     
0010001300048U 060000000000000000000000000000000000000000000000000000000000000000000000095000000000000095000000000000000000000000000000002108201722082017            000000000000000                              000                           
0010001300049T 060257630000003330133 29076420000010311   1               00000000000000000009500001034975                         0900000000000010000000000000000000000000000000000000000   000000000000000000000000000        180432907642     
0010001300050U 060000000000000000000000000000000000000000000000000000000000000000000000095000000000000095000000000000000000000000000000002108201722082017            000000000000000                              000                           
0010001300051T 060257630000003330133 29076420000010313   1               00000000000000000009500104011080                         0900000000000010000000000000000000000000000000000000000   000000000000000000000000000        180432907642     
0010001300052U 060000000000000000000000000000000000000000000000000000000000000000000000095000000000000095000000000000000000000000000000002108201722082017            000000000000000                              000                           
0010001300053T 060257630000003330133 29076420000010314   1               0000000000000000000950000102936X                         0900000000000010000000000000000000000000000000000000000   000000000000000000000000000        180432907642     
0010001300054U 060000000000000000000000000000000000000000000000000000000000000000000000095000000000000095000000000000000000000000000000002108201722082017            000000000000000                              000                           
0010001300055T 060257630000003330133 29076420000010318   1               00000000000000000009500104022280                         0900000000000010000000000000000000000000000000000000000   000000000000000000000000000        180432907642     
0010001300056U 060000000000000000000000000000000000000000000000000000000000000000000000095000000000000095000000000000000000000000000000002108201722082017            000000000000000                              000                           
00100015         000058000000000000000000000000000000000000000000000000000000000000000000000000000000000000000000000000000000000000000000000000000                                                                                              
00199999         000001000060000000                                                                                                                                                            00000000000000000000000000000                    
