00100000         2095490960002050029076420014       0257630000003330133 COLEGIO MILITAR DE CAMPO GRANDBANCO DO BRASIL                         22607201701162800027803000000211539996PROCESSAMEN                                                 
00100011T0100020 20095490960002050029076420014       0257630000003330133 COLEGIO MILITAR DE CAMPO GRAND                                                                                000000002607201700000000  000000000                      
0010001300001T 060257630000003330133 29076420000010030   1               00000000000000000009500033021400                         0900000000000010000000000000000000000000000000000000000   000000000000000000000000000        180432907642     
0010001300002U 060000000000000000000000000000000000000000000000000000000000000000000000095000000000000095000000000000000000000000000000002607201727072017            000000000000000                              000                           
0010001300003T 060257630000003330133 29076420000010039   1               00000000000000000009500001078107                         0900000000000010000000000000000000000000000000000000000   000000000000000000000000000        180432907642     
0010001300004U 060000000000000000000000000000000000000000000000000000000000000000000000095000000000000095000000000000000000000000000000002607201727072017            000000000000000                              000                           
0010001300005T 060257630000003330133 29076420000010045   1               00000000000000000009500001018813                         0900000000000010000000000000000000000000000000000000000   000000000000000000000000000        180432907642     
0010001300006U 060000000000000000000000000000000000000000000000000000000000000000000000095000000000000095000000000000000000000000000000002607201727072017            000000000000000                              000                           
0010001300007T 060257630000003330133 29076420000010046   1               00000000000000000009500001046736                         0900000000000010000000000000000000000000000000000000000   000000000000000000000000000        180432907642     
0010001300008U 060000000000000000000000000000000000000000000000000000000000000000000000095000000000000095000000000000000000000000000000002607201727072017            000000000000000                              000                           
0010001300009T 060257630000003330133 29076420000010048   1               00000000000000000009500001078107                         0900000000000010000000000000000000000000000000000000000   000000000000000000000000000        180432907642     
0010001300010U 060000000000000000000000000000000000000000000000000000000000000000000000095000000000000095000000000000000000000000000000002607201727072017            000000000000000                              000                           
0010001300011T 060257630000003330133 29076420000010049   1               00000000000000000009500001034975                         0900000000000010000000000000000000000000000000000000000   000000000000000000000000000        180432907642     
0010001300012U 060000000000000000000000000000000000000000000000000000000000000000000000095000000000000095000000000000000000000000000000002607201727072017            000000000000000                              000                           
0010001300013T 060257630000003330133 29076420000010051   1               00000000000000000009500237050090                         0900000000000010000000000000000000000000000000000000000   000000000000000000000000000        180432907642     
0010001300014U 060000000000000000000000000000000000000000000000000000000000000000000000095000000000000095000000000000000000000000000000002607201727072017            000000000000000                              000                           
0010001300015T 060257630000003330133 29076420000010052   1               00000000000000000009500001018813                         0900000000000010000000000000000000000000000000000000000   000000000000000000000000000        180432907642     
0010001300016U 060000000000000000000000000000000000000000000000000000000000000000000000095000000000000095000000000000000000000000000000002607201727072017            000000000000000                              000                           
00100015         000018000000000000000000000000000000000000000000000000000000000000000000000000000000000000000000000000000000000000000000000000000                                                                                              
00199999         000001000020000000                                                                                                                                                            00000000000000000000000000000                    
