00100000         2095490960002050029076420014       0257630000003330133 COLEGIO MILITAR DE CAMPO GRANDBANCO DO BRASIL                         21808201701092400029503000000211539996PROCESSAMEN                                                 
00100011T0100020 20095490960002050029076420014       0257630000003330133 COLEGIO MILITAR DE CAMPO GRAND                                                                                000000001808201700000000  000000000                      
0010001300001T 060257630000003330133 29076420000010187   1               00000000000000000009500104019790                         0900000000000010000000000000000000000000000000000000000   000000000000000000000000000        180432907642     
0010001300002U 060000000000000000000000000000000000000000000000000000000000000000000000095000000000000095000000000000000000000000000000001808201721082017            000000000000000                              000                           
0010001300003T 060257630000003330133 29076420000010241   1               00000000000000000009500001003913                         0900000000000010000000000000000000000000000000000000000   000000000000000000000000000        180432907642     
0010001300004U 060000000000000000000000000000000000000000000000000000000000000000000000095000000000000095000000000000000000000000000000001808201721082017            000000000000000                              000                           
0010001300005T 060257630000003330133 29076420000010255   1               00000000000000000009500104022240                         0900000000000010000000000000000000000000000000000000000   000000000000000000000000000        180432907642     
0010001300006U 060000000000000000000000000000000000000000000000000000000000000000000000095000000000000095000000000000000000000000000000001808201721082017            000000000000000                              000                           
0010001300007T 060257630000003330133 29076420000010259   1               00000000000000000009500104019790                         0900000000000010000000000000000000000000000000000000000   000000000000000000000000000        180432907642     
0010001300008U 060000000000000000000000000000000000000000000000000000000000000000000000095000000000000095000000000000000000000000000000001808201721082017            000000000000000                              000                           
0010001300009T 060257630000003330133 29076420000010262   1               00000000000000000009500104015680                         0900000000000010000000000000000000000000000000000000000   000000000000000000000000000        180432907642     
0010001300010U 060000000000000000000000000000000000000000000000000000000000000000000000095000000000000095000000000000000000000000000000001808201721082017            000000000000000                              000                           
0010001300011T 060257630000003330133 29076420000010265   1               00000000000000000009500001000485                         0900000000000010000000000000000000000000000000000000000   000000000000000000000000000        180432907642     
0010001300012U 060000000000000000000000000000000000000000000000000000000000000000000000095000000000000095000000000000000000000000000000001808201721082017            000000000000000                              000                           
0010001300013T 060257630000003330133 29076420000010266   1               00000000000000000009500033017530                         0900000000000010000000000000000000000000000000000000000   000000000000000000000000000        180432907642     
0010001300014U 060000000000000000000000000000000000000000000000000000000000000000000000095000000000000095000000000000000000000000000000001808201721082017            000000000000000                              000                           
0010001300015T 060257630000003330133 29076420000010267   1               00000000000000000009500748090450                         0900000000000010000000000000000000000000000000000000000   000000000000000000000000000        180432907642     
0010001300016U 060000000000000000000000000000000000000000000000000000000000000000000000095000000000000095000000000000000000000000000000001808201721082017            000000000000000                              000                           
0010001300017T 060257630000003330133 29076420000010269   1               00000000000000000009500104024850                         0900000000000010000000000000000000000000000000000000000   000000000000000000000000000        180432907642     
0010001300018U 060000000000000000000000000000000000000000000000000000000000000000000000095000000000000095000000000000000000000000000000001808201721082017            000000000000000                              000                           
0010001300019T 060257630000003330133 29076420000010270   1               00000000000000000009500001000485                         0900000000000010000000000000000000000000000000000000000   000000000000000000000000000        180432907642     
0010001300020U 060000000000000000000000000000000000000000000000000000000000000000000000095000000000000095000000000000000000000000000000001808201721082017            000000000000000                              000                           
0010001300021T 060257630000003330133 29076420000010272   1               00000000000000000009500033021400                         0900000000000010000000000000000000000000000000000000000   000000000000000000000000000        180432907642     
0010001300022U 060000000000000000000000000000000000000000000000000000000000000000000000095000000000000095000000000000000000000000000000001808201721082017            000000000000000                              000                           
0010001300023T 060257630000003330133 29076420000010274   1               00000000000000000009500237000730                         0900000000000010000000000000000000000000000000000000000   000000000000000000000000000        180432907642     
0010001300024U 060000000000000000000000000000000000000000000000000000000000000000000000095000000000000095000000000000000000000000000000001808201721082017            000000000000000                              000                           
0010001300025T 060257630000003330133 29076420000010275   1               00000000000000000009500104019790                         0900000000000010000000000000000000000000000000000000000   000000000000000000000000000        180432907642     
0010001300026U 060000000000000000000000000000000000000000000000000000000000000000000000095000000000000095000000000000000000000000000000001808201721082017            000000000000000                              000                           
0010001300027T 060257630000003330133 29076420000010276   1               00000000000000000009500237050090                         0900000000000010000000000000000000000000000000000000000   000000000000000000000000000        180432907642     
0010001300028U 060000000000000000000000000000000000000000000000000000000000000000000000095000000000000095000000000000000000000000000000001808201721082017            000000000000000                              000                           
0010001300029T 060257630000003330133 29076420000010278   1               00000000000000000009500104015680                         0900000000000010000000000000000000000000000000000000000   000000000000000000000000000        180432907642     
0010001300030U 060000000000000000000000000000000000000000000000000000000000000000000000095000000000000095000000000000000000000000000000001808201721082017            000000000000000                              000                           
0010001300031T 060257630000003330133 29076420000010279   1               00000000000000000009500104021120                         0900000000000010000000000000000000000000000000000000000   000000000000000000000000000        180432907642     
0010001300032U 060000000000000000000000000000000000000000000000000000000000000000000000095000000000000095000000000000000000000000000000001808201721082017            000000000000000                              000                           
00100015         000034000000000000000000000000000000000000000000000000000000000000000000000000000000000000000000000000000000000000000000000000000                                                                                              
00199999         000001000036000000                                                                                                                                                            00000000000000000000000000000                    
