00100000         2095490960002050029076420014       0257630000003330133 COLEGIO MILITAR DE CAMPO GRANDBANCO DO BRASIL                         20208201701291000028303000000211539996PROCESSAMEN                                                 
00100011T0100020 20095490960002050029076420014       0257630000003330133 COLEGIO MILITAR DE CAMPO GRAND                                                                                000000000208201700000000  000000000                      
0010001300001T 060257630000003330133 29076420000010044   1               00000000000000000009500104011080                         0900000000000010000000000000000000000000000000000000000   000000000000000000000000000        180432907642     
0010001300002U 060000000000000000000000000000000000000000000000000000000000000000000000095000000000000095000000000000000000000000000000000208201703082017            000000000000000                              000                           
0010001300003T 060257630000003330133 29076420000010074   1               00000000000000000009500104022240                         0900000000000010000000000000000000000000000000000000000   000000000000000000000000000        180432907642     
0010001300004U 060000000000000000000000000000000000000000000000000000000000000000000000095000000000000095000000000000000000000000000000000208201703082017            000000000000000                              000                           
0010001300005T 060257630000003330133 29076420000010075   1               00000000000000000009500001000485                         0900000000000010000000000000000000000000000000000000000   000000000000000000000000000        180432907642     
0010001300006U 060000000000000000000000000000000000000000000000000000000000000000000000095000000000000095000000000000000000000000000000000208201703082017            000000000000000                              000                           
0010001300007T 060257630000003330133 29076420000010094   1               00000000000000000009500001000485                         0900000000000010000000000000000000000000000000000000000   000000000000000000000000000        180432907642     
0010001300008U 060000000000000000000000000000000000000000000000000000000000000000000000095000000000000095000000000000000000000000000000000208201703082017            000000000000000                              000                           
0010001300009T 060257630000003330133 29076420000010097   1               00000000000000000009500104047410                         0900000000000010000000000000000000000000000000000000000   000000000000000000000000000        180432907642     
0010001300010U 060000000000000000000000000000000000000000000000000000000000000000000000095000000000000095000000000000000000000000000000000208201703082017            000000000000000                              000                           
0010001300011T 060257630000003330133 29076420000010100   1               00000000000000000009500001044474                         0900000000000010000000000000000000000000000000000000000   000000000000000000000000000        180432907642     
0010001300012U 060000000000000000000000000000000000000000000000000000000000000000000000095000000000000095000000000000000000000000000000000208201703082017            000000000000000                              000                           
0010001300013T 060257630000003330133 29076420000010102   1               00000000000000000009500341078510                         0900000000000010000000000000000000000000000000000000000   000000000000000000000000000        180432907642     
0010001300014U 060000000000000000000000000000000000000000000000000000000000000000000000095000000000000095000000000000000000000000000000000208201703082017            000000000000000                              000                           
0010001300015T 060257630000003330133 29076420000010103   1               00000000000000000009500001078107                         0900000000000010000000000000000000000000000000000000000   000000000000000000000000000        180432907642     
0010001300016U 060000000000000000000000000000000000000000000000000000000000000000000000095000000000000095000000000000000000000000000000000208201703082017            000000000000000                              000                           
0010001300017T 060257630000003330133 29076420000010104   1               0000000000000000000950000102936X                         0900000000000010000000000000000000000000000000000000000   000000000000000000000000000        180432907642     
0010001300018U 060000000000000000000000000000000000000000000000000000000000000000000000095000000000000095000000000000000000000000000000000208201703082017            000000000000000                              000                           
0010001300019T 060257630000003330133 29076420000010105   1               00000000000000000009500001034975                         0900000000000010000000000000000000000000000000000000000   000000000000000000000000000        180432907642     
0010001300020U 060000000000000000000000000000000000000000000000000000000000000000000000095000000000000095000000000000000000000000000000000208201703082017            000000000000000                              000                           
0010001300021T 060257630000003330133 29076420000010107   1               00000000000000000009500104015680                         0900000000000010000000000000000000000000000000000000000   000000000000000000000000000        180432907642     
0010001300022U 060000000000000000000000000000000000000000000000000000000000000000000000095000000000000095000000000000000000000000000000000208201703082017            000000000000000                              000                           
0010001300023T 060257630000003330133 29076420000010109   1               00000000000000000009500001044474                         0900000000000010000000000000000000000000000000000000000   000000000000000000000000000        180432907642     
0010001300024U 060000000000000000000000000000000000000000000000000000000000000000000000095000000000000095000000000000000000000000000000000208201703082017            000000000000000                              000                           
00100015         000026000000000000000000000000000000000000000000000000000000000000000000000000000000000000000000000000000000000000000000000000000                                                                                              
00199999         000001000028000000                                                                                                                                                            00000000000000000000000000000                    
