00100000         2095490960002050029076420014       0257630000003330133 COLEGIO MILITAR DE CAMPO GRANDBANCO DO BRASIL                         21708201701275900029403000000211539996PROCESSAMEN                                                 
00100011T0100020 20095490960002050029076420014       0257630000003330133 COLEGIO MILITAR DE CAMPO GRAND                                                                                000000001708201700000000  000000000                      
0010001300001T 060257630000003330133 29076420000010138   1               00000000000000000009500001034975                         0900000000000010000000000000000000000000000000000000000   000000000000000000000000000        180432907642     
0010001300002U 060000000000000000000000000000000000000000000000000000000000000000000000095000000000000095000000000000000000000000000000001708201718082017            000000000000000                              000                           
0010001300003T 060257630000003330133 29076420000010227   1               00000000000000000009500341086000                         0900000000000010000000000000000000000000000000000000000   000000000000000000000000000        180432907642     
0010001300004U 060000000000000000000000000000000000000000000000000000000000000000000000095000000000000095000000000000000000000000000000001708201718082017            000000000000000                              000                           
0010001300005T 060257630000003330133 29076420000010233   1               00000000000000000009500001044474                         0900000000000010000000000000000000000000000000000000000   000000000000000000000000000        180432907642     
0010001300006U 060000000000000000000000000000000000000000000000000000000000000000000000095000000000000095000000000000000000000000000000001708201718082017            000000000000000                              000                           
0010001300007T 060257630000003330133 29076420000010240   1               00000000000000000009500001018732                         0900000000000010000000000000000000000000000000000000000   000000000000000000000000000        180432907642     
0010001300008U 060000000000000000000000000000000000000000000000000000000000000000000000095000000000000095000000000000000000000000000000001708201718082017            000000000000000                              000                           
0010001300009T 060257630000003330133 29076420000010244   1               00000000000000000009500104011080                         0900000000000010000000000000000000000000000000000000000   000000000000000000000000000        180432907642     
0010001300010U 060000000000000000000000000000000000000000000000000000000000000000000000095000000000000095000000000000000000000000000000001708201718082017            000000000000000                              000                           
0010001300011T 060257630000003330133 29076420000010246   1               00000000000000000009500099043010                         0900000000000010000000000000000000000000000000000000000   000000000000000000000000000        180432907642     
0010001300012U 060000000000000000000000000000000000000000000000000000000000000000000000095000000000000095000000000000000000000000000000001708201718082017            000000000000000                              000                           
0010001300013T 060257630000003330133 29076420000010248   1               00000000000000000009500001014729                         0900000000000010000000000000000000000000000000000000000   000000000000000000000000000        180432907642     
0010001300014U 060000000000000000000000000000000000000000000000000000000000000000000000095000000000000095000000000000000000000000000000001708201718082017            000000000000000                              000                           
0010001300015T 060257630000003330133 29076420000010249   1               00000000000000000009500104014640                         0900000000000010000000000000000000000000000000000000000   000000000000000000000000000        180432907642     
0010001300016U 060000000000000000000000000000000000000000000000000000000000000000000000095000000000000095000000000000000000000000000000001708201718082017            000000000000000                              000                           
0010001300017T 060257630000003330133 29076420000010252   1               00000000000000000009500104014640                         0900000000000010000000000000000000000000000000000000000   000000000000000000000000000        180432907642     
0010001300018U 060000000000000000000000000000000000000000000000000000000000000000000000095000000000000095000000000000000000000000000000001708201718082017            000000000000000                              000                           
0010001300019T 060257630000003330133 29076420000010254   1               00000000000000000009500001029513                         0900000000000010000000000000000000000000000000000000000   000000000000000000000000000        180432907642     
0010001300020U 060000000000000000000000000000000000000000000000000000000000000000000000095000000000000095000000000000000000000000000000001708201718082017            000000000000000                              000                           
0010001300021T 060257630000003330133 29076420000010256   1               00000000000000000009500001034975                         0900000000000010000000000000000000000000000000000000000   000000000000000000000000000        180432907642     
0010001300022U 060000000000000000000000000000000000000000000000000000000000000000000000095000000000000095000000000000000000000000000000001708201718082017            000000000000000                              000                           
0010001300023T 060257630000003330133 29076420000010258   1               00000000000000000009500001078107                         0900000000000010000000000000000000000000000000000000000   000000000000000000000000000        180432907642     
0010001300024U 060000000000000000000000000000000000000000000000000000000000000000000000095000000000000095000000000000000000000000000000001708201718082017            000000000000000                              000                           
0010001300025T 060257630000003330133 29076420000010260   1               00000000000000000009500341039370                         0900000000000010000000000000000000000000000000000000000   000000000000000000000000000        180432907642     
0010001300026U 060000000000000000000000000000000000000000000000000000000000000000000000095000000000000095000000000000000000000000000000001708201718082017            000000000000000                              000                           
00100015         000028000000000000000000000000000000000000000000000000000000000000000000000000000000000000000000000000000000000000000000000000000                                                                                              
00199999         000001000030000000                                                                                                                                                            00000000000000000000000000000                    
